Time,Price,Quantity,Side
12:23:52,91360,0.01,BUY
12:23:52,91360,0.01,BUY
12:23:52,91360,0.01,BUY
12:23:52,91360,0.01,BUY
12:23:52,91360,0.01,BUY
12:23:52,91360,0.01,BUY
12:23:52,91360,0.01,BUY
12:23:52,91360,0.01,BUY
12:23:52,91360,0.01,BUY
12:23:52,91360,0.01,BUY
12:23:52,91360,0.01,BUY
12:23:52,91360,0.01,BUY
12:23:52,91360,0.01,BUY
12:23:52,91360,0.01,BUY
12:23:52,91360,0.01,BUY
12:23:52,91360,0.01,BUY
12:23:52,91360,0.01,BUY
12:23:52,91360,0.01,BUY
12:23:52,91360,0.01,BUY
12:23:52,91360,0.01,BUY
12:23:53,91360,0.01,BUY
12:23:53,91360,0.01,BUY
12:23:53,91360,0.01,BUY
12:23:53,91360,0.01,BUY
12:23:53,91360,0.01,BUY
12:23:53,91360,0.01,BUY
12:23:53,91360,0.01,BUY
12:23:53,91360,0.01,BUY
12:23:53,91360,0.01,BUY
12:23:54,91360,0.01,BUY
12:23:54,91360,0.01,BUY
12:23:54,91360,0.01,BUY
12:23:54,91360,0.01,BUY
12:23:54,91360,0.01,BUY
12:23:54,91360,0.01,BUY
12:23:54,91360,0.01,BUY
12:23:54,91360,0.01,BUY
12:23:54,91360,0.01,BUY
12:23:54,91360,0.01,BUY
12:23:54,91360,0.01,BUY
12:23:54,91360,0.01,BUY
12:23:54,91360,0.01,BUY
12:23:54,91360,0.01,BUY
12:23:54,91360,0.01,BUY
12:23:54,91360,0.01,BUY
12:23:54,91361,0.01,BUY
12:23:54,91361,0.01,BUY
12:23:54,91361,0.01,BUY
12:23:54,91361,0.01,BUY
12:23:54,91361,0.01,BUY
12:23:54,91361,0.01,BUY
12:23:54,91361,0.01,BUY
12:23:54,91361,0.01,BUY
12:23:54,91361.9,0.01,BUY
12:23:54,91361.9,0.01,BUY
12:23:54,91361.9,0.01,BUY
12:23:54,91361.9,0.01,BUY
12:23:54,91361.9,0.01,BUY
12:23:54,91361.9,0.01,BUY
12:23:54,91361.9,0.01,BUY
12:23:54,91361.9,0.01,BUY
12:23:54,91361.9,0.01,BUY
12:23:54,91361.9,0.01,BUY
12:23:54,91361.9,0.01,BUY
12:23:54,91361.9,0.01,BUY
12:23:54,91361.9,0.01,BUY
12:23:54,91361.9,0.01,BUY
12:23:54,91361.9,0.01,BUY
12:23:54,91361.9,0.01,BUY
12:23:54,91361.9,0.01,BUY
12:23:54,91361.9,0.01,BUY
12:23:54,91361.9,0.01,BUY
12:23:54,91361.9,0.01,BUY
12:23:54,91361.9,0.01,BUY
12:23:55,91361.9,0.01,BUY
12:23:55,91361.9,0.01,BUY
12:23:55,91361.9,0.01,BUY
12:23:55,91361.9,0.01,BUY
12:23:55,91361.9,0.01,BUY
12:23:55,91361.9,0.01,BUY
12:23:55,91361.9,0.01,BUY
12:23:55,91361.9,0.01,BUY
12:23:55,91361.9,0.01,BUY
12:23:55,91361.9,0.01,BUY
12:23:55,91361.9,0.01,BUY
12:23:55,91361.9,0.01,BUY
12:23:55,91361.9,0.01,BUY
12:23:55,91361.9,0.01,BUY
12:23:55,91361.9,0.01,BUY
12:23:55,91361.9,0.01,BUY
12:23:55,91361.9,0.01,BUY
12:23:55,91361.9,0.01,BUY
12:23:55,91361.9,0.01,BUY
12:23:55,91361.9,0.01,BUY
12:23:55,91361.9,0.01,BUY
12:23:55,91361.9,0.01,BUY
12:23:55,91361.9,0.01,BUY
12:23:55,91361.9,0.01,BUY
12:23:55,91361.9,0.01,BUY
12:23:55,91361.9,0.01,BUY
12:23:55,91361.9,0.01,BUY
12:23:55,91361.9,0.01,BUY
12:23:55,91361.9,0.01,BUY
12:23:55,91361.9,0.01,BUY
12:23:56,91361.9,0.01,BUY
12:23:56,91361.9,0.01,BUY
12:23:56,91361.9,0.01,BUY
12:23:56,91361.9,0.01,BUY
12:23:56,91361.9,0.01,BUY
12:23:56,91361.9,0.01,BUY
12:23:56,91361.9,0.01,BUY
12:23:56,91361.9,0.01,BUY
12:23:57,91361.9,0.01,BUY
12:23:57,91361.9,0.01,BUY
12:23:57,91361.9,0.01,BUY
12:23:57,91361.9,0.01,BUY
12:23:57,91361.9,0.01,BUY
12:23:57,91361.9,0.01,BUY
12:23:57,91361.9,0.01,BUY
12:23:57,91361.9,0.01,BUY
12:23:57,91361.9,0.01,BUY
12:23:57,91361.9,0.01,BUY
12:23:58,91361.9,0.01,BUY
12:23:58,91361.9,0.01,BUY
12:23:58,91361.9,0.01,BUY
12:23:58,91361.9,0.01,BUY
12:23:58,91361.9,0.01,BUY
12:23:58,91361.9,0.01,BUY
12:23:58,91361.9,0.01,BUY
12:23:58,91361.9,0.01,BUY
12:23:58,91361.9,0.01,BUY
12:23:58,91361.9,0.01,BUY
12:23:58,91361.9,0.01,BUY
12:23:58,91361.9,0.01,BUY
12:23:59,91361.9,0.01,BUY
12:23:59,91361.9,0.01,BUY
12:23:59,91361.9,0.01,BUY
12:23:59,91361.9,0.01,BUY
12:23:59,91361.9,0.01,BUY
12:23:59,91361.9,0.01,BUY
12:23:59,91361.9,0.01,BUY
12:23:59,91361.9,0.01,BUY
12:23:59,91361.9,0.01,BUY
12:23:59,91361.9,0.01,BUY
12:23:59,91361.9,0.01,BUY
12:24:00,91361.9,0.01,BUY
12:24:00,91361.9,0.01,BUY
12:24:00,91361.9,0.01,BUY
12:24:00,91361.9,0.01,BUY
12:24:00,91361.9,0.01,BUY
12:24:00,91361.9,0.01,BUY
12:24:01,91361.9,0.01,BUY
12:24:01,91361.9,0.01,BUY
12:24:01,91361.9,0.01,BUY
12:24:01,91361.9,0.01,BUY
12:24:01,91361.9,0.01,BUY
12:24:01,91361.9,0.01,BUY
12:24:01,91361.9,0.01,BUY
12:24:01,91361.9,0.01,BUY
12:24:01,91361.9,0.01,BUY
12:24:02,91361.9,0.01,BUY
12:24:02,91361.9,0.01,BUY
12:24:02,91361.9,0.01,BUY
12:24:02,91361.9,0.01,BUY
12:24:02,91361.9,0.01,BUY
12:24:03,91361.9,0.01,BUY
12:24:03,91361.9,0.01,BUY
12:24:03,91361.9,0.01,BUY
12:24:03,91361.9,0.01,BUY
12:24:03,91361.9,0.01,BUY
12:24:03,91361.9,0.01,BUY
12:24:03,91361.9,0.01,BUY
12:24:03,91361.9,0.01,BUY
12:24:04,91361.9,0.01,BUY
12:24:04,91361.9,0.01,BUY
12:24:04,91361.9,0.01,BUY
12:24:04,91361.9,0.01,BUY
12:24:04,91361.9,0.01,BUY
12:24:04,91361.9,0.01,BUY
12:24:04,91361.9,0.01,BUY
12:24:05,91361.9,0.01,BUY
12:24:05,91361.9,0.01,BUY
12:24:05,91361.9,0.01,BUY
12:24:05,91361.9,0.01,BUY
12:24:05,91361.9,0.01,BUY
12:24:05,91361.9,0.01,BUY
12:24:05,91361.9,0.01,BUY
12:24:05,91361.9,0.01,BUY
12:24:05,91361.9,0.01,BUY
12:24:05,91361.9,0.01,BUY
12:24:05,91361.9,0.01,BUY
12:24:05,91361.9,0.01,BUY
12:24:05,91361.9,0.01,BUY
12:24:05,91361.9,0.01,BUY
12:24:06,91361.9,0.01,BUY
12:24:06,91361.9,0.01,BUY
12:24:06,91361.9,0.01,BUY
12:24:06,91361.9,0.01,BUY
12:24:06,91361.9,0.01,BUY
12:24:06,91361.9,0.01,BUY
12:24:06,91361.9,0.01,BUY
12:24:06,91361.9,0.01,BUY
12:24:06,91361.9,0.01,BUY
12:24:06,91361.9,0.01,BUY
12:24:06,91361.9,0.01,BUY
12:24:06,91361.9,0.01,BUY
12:24:07,91361.9,0.01,BUY
12:24:07,91361.9,0.01,BUY
12:24:07,91361.9,0.01,BUY
12:24:07,91361.9,0.01,BUY
12:24:07,91361.9,0.01,BUY
12:24:07,91361.9,0.01,BUY
12:24:07,91361.9,0.01,BUY
12:24:07,91361.9,0.01,BUY
12:24:07,91361.9,0.01,BUY
12:24:08,91361.9,0.01,BUY
12:24:08,91361.9,0.01,BUY
12:24:08,91361.9,0.01,BUY
12:24:08,91361.9,0.01,BUY
12:24:08,91361.9,0.01,BUY
12:24:08,91361.9,0.01,BUY
12:24:08,91361.9,0.01,BUY
12:24:08,91361.9,0.01,BUY
12:24:08,91361.9,0.01,BUY
12:24:08,91361.9,0.01,BUY
12:24:08,91361.9,0.01,BUY
12:24:08,91361.9,0.01,BUY
12:24:08,91361.9,0.01,BUY
12:24:08,91361.9,0.01,BUY
12:24:09,91361.9,0.01,BUY
12:24:09,91361.9,0.01,BUY
12:24:09,91361.9,0.01,BUY
12:24:09,91361.9,0.01,BUY
12:24:09,91361.9,0.01,BUY
12:24:09,91361.9,0.01,BUY
12:24:09,91362,0.01,BUY
12:24:09,91362,0.01,BUY
12:24:09,91362,0.01,BUY
12:24:09,91362,0.01,BUY
12:24:09,91362,0.01,BUY
12:24:09,91362,0.01,BUY
12:24:09,91362,0.01,BUY
12:24:09,91362,0.01,BUY
12:24:09,91362,0.01,BUY
12:24:09,91362,0.01,BUY
12:24:09,91362,0.01,BUY
12:24:10,91362,0.01,BUY
12:24:10,91362,0.01,BUY
12:24:10,91362,0.01,BUY
12:24:10,91362,0.01,BUY
12:24:10,91362,0.01,BUY
12:24:10,91362,0.01,BUY
12:24:10,91362,0.01,BUY
12:24:10,91362,0.01,BUY
12:24:10,91362,0.01,BUY
12:24:10,91362,0.01,BUY
12:24:10,91362,0.01,BUY
12:24:10,91362,0.01,BUY
12:24:10,91362,0.01,BUY
12:24:10,91362,0.01,BUY
12:24:10,91362,0.01,BUY
12:24:10,91362,0.01,BUY
12:24:10,91362,0.01,BUY
12:24:10,91362,0.01,BUY
12:24:10,91362,0.01,BUY
12:24:10,91362,0.01,BUY
12:24:10,91362,0.01,BUY
12:24:10,91362,0.01,BUY
12:24:10,91362,0.01,BUY
12:24:10,91362,0.01,BUY
12:24:10,91362,0.01,BUY
12:24:10,91362,0.01,BUY
12:24:11,91362,0.01,BUY
12:24:11,91362,0.01,BUY
12:24:11,91362,0.01,BUY
12:24:11,91362,0.01,BUY
12:24:11,91362,0.01,BUY
12:24:11,91362,0.01,BUY
12:24:11,91362,0.01,BUY
12:24:11,91362,0.01,BUY
12:24:11,91362,0.01,BUY
12:24:11,91362,0.01,BUY
12:24:11,91362,0.01,BUY
12:24:11,91362,0.01,BUY
12:24:11,91362,0.01,BUY
12:24:12,91362,0.01,BUY
12:24:12,91362,0.01,BUY
12:24:12,91362,0.01,BUY
12:24:12,91362,0.01,BUY
12:24:12,91362,0.01,BUY
12:24:12,91362,0.01,BUY
12:24:12,91362,0.01,BUY
12:24:12,91362,0.01,BUY
12:24:12,91362,0.01,BUY
12:24:12,91362,0.01,BUY
12:24:12,91362,0.01,BUY
12:24:12,91362,0.01,BUY
12:24:12,91362,0.01,BUY
12:24:12,91362,0.01,BUY
12:24:12,91362,0.01,BUY
12:24:12,91362,0.01,BUY
12:24:12,91362,0.01,BUY
12:24:12,91362,0.01,BUY
12:24:12,91362,0.01,BUY
12:24:12,91362,0.01,BUY
12:24:12,91362,0.01,BUY
12:24:12,91362,0.01,BUY
12:24:12,91362,0.01,BUY
12:24:12,91362,0.01,BUY
12:24:12,91362,0.01,BUY
12:24:12,91362,0.01,BUY
12:24:12,91362,0.01,BUY
12:24:12,91362,0.01,BUY
12:24:12,91362,0.01,BUY
12:24:12,91362,0.01,BUY
12:24:12,91362,0.01,BUY
12:24:12,91362,0.01,BUY
12:24:12,91362,0.01,BUY
12:24:12,91362,0.01,BUY
12:24:12,91362,0.01,BUY
12:24:12,91362,0.01,BUY
12:24:12,91362,0.01,BUY
12:24:12,91362,0.01,BUY
12:24:12,91362,0.01,BUY
12:24:12,91362,0.01,BUY
12:24:12,91362,0.01,BUY
12:24:12,91362,0.01,BUY
12:24:12,91362,0.01,BUY
12:24:12,91362,0.01,BUY
12:24:13,91362,0.01,BUY
12:24:13,91362,0.01,BUY
12:24:13,91362,0.01,BUY
12:24:13,91362,0.01,BUY
12:24:13,91362,0.01,BUY
12:24:13,91362,0.01,BUY
12:24:13,91362,0.01,BUY
12:24:13,91362,0.01,BUY
12:24:13,91362,0.01,BUY
12:24:13,91362,0.01,BUY
12:24:13,91362,0.01,BUY
12:24:13,91362,0.01,BUY
12:24:13,91362,0.01,BUY
12:24:13,91362,0.01,BUY
12:24:13,91362,0.01,BUY
12:24:13,91362,0.01,BUY
12:24:13,91362,0.01,BUY
12:24:13,91362,0.01,BUY
12:24:13,91362,0.01,BUY
12:24:13,91362,0.01,BUY
12:24:13,91362,0.01,BUY
12:24:13,91362,0.01,BUY
12:24:13,91362,0.01,BUY
12:24:13,91362,0.01,BUY
12:24:13,91362,0.01,BUY
12:24:13,91362,0.01,BUY
12:24:13,91362,0.01,BUY
12:24:14,91362,0.01,BUY
12:24:14,91362,0.01,BUY
12:24:14,91362,0.01,BUY
12:24:14,91362,0.01,BUY
12:24:14,91362,0.01,BUY
12:24:14,91362,0.01,BUY
12:24:14,91362,0.01,BUY
12:24:14,91362,0.01,BUY
12:24:15,91366.7,0.01,BUY
12:24:15,91366.7,0.01,BUY
12:24:15,91366.7,0.01,BUY
12:24:15,91366.7,0.01,BUY
12:24:15,91366.7,0.01,BUY
12:24:15,91366.7,0.01,BUY
12:24:15,91366.7,0.01,BUY
12:24:15,91366.7,0.01,BUY
12:24:15,91366.7,0.01,BUY
12:24:15,91366.7,0.01,BUY
12:24:15,91366.7,0.01,BUY
12:24:15,91366.7,0.01,BUY
12:24:15,91366.7,0.01,BUY
12:24:15,91366.7,0.01,BUY
12:24:15,91366.7,0.01,BUY
12:24:15,91367,0.01,BUY
12:24:15,91368,0.01,BUY
12:24:15,91368.1,0.01,BUY
12:24:15,91368.1,0.01,BUY
12:24:15,91368.1,0.01,BUY
12:24:15,91368.1,0.01,BUY
12:24:15,91368.1,0.01,BUY
12:24:15,91368.1,0.01,BUY
12:24:15,91368.1,0.01,BUY
12:24:15,91368.1,0.01,BUY
12:24:15,91368.1,0.01,BUY
12:24:15,91368.1,0.01,BUY
12:24:15,91368.1,0.01,BUY
12:24:15,91368.1,0.01,BUY
12:24:15,91368.1,0.01,BUY
12:24:15,91368.1,0.01,BUY
12:24:15,91368.1,0.01,BUY
12:24:15,91368.1,0.01,BUY
12:24:15,91368.1,0.01,BUY
12:24:15,91368.1,0.01,BUY
12:24:15,91368.1,0.01,BUY
12:24:15,91368.1,0.01,BUY
12:24:15,91368.1,0.01,BUY
12:24:15,91368.1,0.01,BUY
12:24:15,91368.1,0.01,BUY
12:24:15,91368.1,0.01,BUY
12:24:15,91368.1,0.01,BUY
12:24:15,91368.1,0.01,BUY
12:24:15,91368.1,0.01,BUY
12:24:15,91368.1,0.01,BUY
12:24:15,91368.1,0.01,BUY
12:24:15,91368.1,0.01,BUY
12:24:15,91368.1,0.01,BUY
12:24:15,91368.1,0.01,BUY
12:24:15,91368.1,0.01,BUY
12:24:15,91368.1,0.01,BUY
12:24:15,91368.1,0.01,BUY
12:24:15,91368.1,0.01,BUY
12:24:15,91368.1,0.01,BUY
12:24:15,91368.1,0.01,BUY
12:24:15,91368.1,0.01,BUY
12:24:15,91368.1,0.01,BUY
12:24:15,91368.1,0.01,BUY
12:24:15,91368.1,0.01,BUY
12:24:15,91368.1,0.01,BUY
12:24:15,91368.1,0.01,BUY
12:24:15,91368.1,0.01,BUY
12:24:15,91368.1,0.01,BUY
12:24:15,91368.1,0.01,BUY
12:24:15,91368.1,0.01,BUY
12:24:15,91368.1,0.01,BUY
12:24:15,91368.1,0.01,BUY
12:24:15,91368.1,0.01,BUY
12:24:15,91368.1,0.01,BUY
12:24:15,91368.1,0.01,BUY
12:24:15,91368.1,0.01,BUY
12:24:16,91368.1,0.01,BUY
12:24:16,91368.1,0.01,BUY
12:24:16,91368.1,0.01,BUY
12:24:16,91368.1,0.01,BUY
12:24:16,91368.1,0.01,BUY
12:24:16,91368.1,0.01,BUY
12:24:16,91368.1,0.01,BUY
12:24:16,91368.1,0.01,BUY
12:24:16,91368.1,0.01,BUY
12:24:17,91368.1,0.01,BUY
12:24:17,91368.1,0.01,BUY
12:24:17,91368.1,0.01,BUY
12:24:17,91368.1,0.01,BUY
12:24:17,91368.1,0.01,BUY
12:24:17,91368.1,0.01,BUY
12:24:17,91368.1,0.01,BUY
12:24:17,91368.1,0.01,BUY
12:24:17,91368.1,0.01,BUY
12:24:17,91368.1,0.01,BUY
12:24:17,91368.1,0.01,BUY
12:24:18,91368.1,0.01,BUY
12:24:18,91368.1,0.01,BUY
12:24:18,91368.1,0.01,BUY
12:24:18,91368.1,0.01,BUY
12:24:18,91368.1,0.01,BUY
12:24:18,91368.1,0.01,BUY
12:24:19,91368.1,0.01,BUY
12:24:19,91368.1,0.01,BUY
12:24:19,91368.1,0.01,BUY
12:24:19,91368.1,0.01,BUY
12:24:19,91368.1,0.01,BUY
12:24:19,91368.1,0.01,BUY
12:24:19,91368.1,0.01,BUY
12:24:19,91368.1,0.01,BUY
12:24:19,91368.1,0.01,BUY
12:24:19,91368.1,0.01,BUY
12:24:19,91368.1,0.01,BUY
12:24:19,91368.1,0.01,BUY
12:24:19,91368.1,0.01,BUY
12:24:19,91368.1,0.01,BUY
12:24:19,91368.1,0.01,BUY
12:24:19,91368.1,0.01,BUY
12:24:19,91368.1,0.01,BUY
12:24:19,91368.1,0.01,BUY
12:24:19,91368.1,0.01,BUY
12:24:19,91368.1,0.01,BUY
12:24:20,91368.1,0.01,BUY
12:24:20,91368.1,0.01,BUY
12:24:20,91368.1,0.01,BUY
12:24:20,91368.1,0.01,BUY
12:24:20,91368.1,0.01,BUY
12:24:20,91368.1,0.01,BUY
12:24:20,91368.1,0.01,BUY
12:24:20,91368.1,0.01,BUY
12:24:20,91368.1,0.01,BUY
12:24:20,91368.1,0.01,BUY
12:24:20,91368.1,0.01,BUY
12:24:20,91368.1,0.01,BUY
12:24:20,91368.1,0.01,BUY
12:24:20,91368.1,0.01,BUY
12:24:20,91368.1,0.01,BUY
12:24:20,91368.1,0.01,BUY
12:24:20,91368.1,0.01,BUY
12:24:20,91368.1,0.01,BUY
12:24:21,91368.1,0.01,BUY
12:24:21,91368.1,0.01,BUY
12:24:21,91368.1,0.01,BUY
12:24:21,91368.1,0.01,BUY
12:24:21,91368.1,0.01,BUY
12:24:21,91368.1,0.01,BUY
12:24:21,91368.1,0.01,BUY
12:24:21,91368.1,0.01,BUY
12:24:21,91368.1,0.01,BUY
12:24:21,91368.1,0.01,BUY
12:24:21,91368.1,0.01,BUY
12:24:22,91368.1,0.01,BUY
12:24:22,91368.1,0.01,BUY
12:24:22,91368.1,0.01,BUY
12:24:22,91368.1,0.01,BUY
12:24:22,91368.1,0.01,BUY
12:24:22,91368.1,0.01,BUY
12:24:22,91368.1,0.01,BUY
12:24:22,91368.1,0.01,BUY
12:24:22,91368.1,0.01,BUY
12:24:22,91368.1,0.01,BUY
12:24:22,91368.1,0.01,BUY
12:24:23,91368.1,0.01,BUY
12:24:23,91368.1,0.01,BUY
12:24:23,91368.1,0.01,BUY
12:24:23,91368.1,0.01,BUY
12:24:23,91368.1,0.01,BUY
12:24:23,91368.1,0.01,BUY
12:24:24,91368.1,0.01,BUY
12:24:24,91368.1,0.01,BUY
12:24:24,91368.1,0.01,BUY
12:24:24,91368.1,0.01,BUY
12:24:24,91368.1,0.01,BUY
12:24:24,91368.1,0.01,BUY
12:24:24,91368.1,0.01,BUY
12:24:24,91368.1,0.01,BUY
12:24:25,91368.1,0.01,BUY
12:24:25,91368.1,0.01,BUY
12:24:25,91368.1,0.01,BUY
12:24:25,91368.1,0.01,BUY
12:24:25,91368.1,0.01,BUY
12:24:25,91368.1,0.01,BUY
12:24:25,91368.1,0.01,BUY
12:24:25,91368.1,0.01,BUY
12:24:25,91368.1,0.01,BUY
12:24:25,91368.1,0.01,BUY
12:24:25,91368.1,0.01,BUY
12:24:25,91368.1,0.01,BUY
12:24:25,91368.1,0.01,BUY
12:24:26,91368.1,0.01,BUY
12:24:26,91368.1,0.01,BUY
12:24:26,91368.1,0.01,BUY
12:24:29,91368.1,0.01,BUY
12:24:29,91368.1,0.01,BUY
12:24:29,91368.1,0.01,BUY
12:24:29,91368.1,0.01,BUY
12:24:29,91368.1,0.01,BUY
12:24:29,91368.1,0.01,BUY
12:24:29,91368.1,0.01,BUY
12:24:29,91368.1,0.01,BUY
12:24:29,91368.1,0.01,BUY
12:24:29,91368.1,0.01,BUY
12:24:29,91368.1,0.01,BUY
12:24:29,91368.1,0.01,BUY
12:24:30,91368.1,0.01,BUY
12:24:30,91368.1,0.01,BUY
12:24:30,91368.1,0.01,BUY
12:24:30,91368.1,0.01,BUY
12:24:30,91368.1,0.01,BUY
12:24:30,91368.1,0.01,BUY
12:24:30,91368.1,0.01,BUY
12:24:30,91368.1,0.01,BUY
12:24:30,91368.1,0.01,BUY
12:24:30,91368.1,0.01,BUY
12:24:30,91368.1,0.01,BUY
12:24:30,91368.1,0.01,BUY
12:24:31,91368.1,0.01,BUY
12:24:31,91368.1,0.01,BUY
12:24:31,91368.1,0.01,BUY
12:24:31,91368.1,0.01,BUY
12:24:31,91368.1,0.01,BUY
12:24:31,91368.1,0.01,BUY
12:24:31,91368.1,0.01,BUY
12:24:31,91368.1,0.01,BUY
12:24:31,91368.1,0.01,BUY
12:24:31,91368.1,0.01,BUY
12:24:31,91368.1,0.01,BUY
12:24:31,91368.1,0.01,BUY
12:24:31,91368.1,0.01,BUY
12:24:32,91368.1,0.01,BUY
12:24:32,91368.1,0.01,BUY
12:24:32,91368.1,0.01,BUY
12:24:32,91368.1,0.01,BUY
12:24:32,91368.1,0.01,BUY
12:24:32,91368.1,0.01,BUY
12:24:32,91368.1,0.01,BUY
12:24:33,91368.1,0.01,BUY
12:24:33,91368.1,0.01,BUY
12:24:33,91368.1,0.01,BUY
12:24:33,91368.1,0.01,BUY
12:24:33,91368.1,0.01,BUY
12:24:33,91368.1,0.01,BUY
12:24:33,91368.1,0.01,BUY
12:24:33,91368.1,0.01,BUY
12:24:33,91368.1,0.01,BUY
12:24:33,91368.1,0.01,BUY
12:24:33,91368.1,0.01,BUY
12:24:34,91368.1,0.01,BUY
12:24:34,91368.1,0.01,BUY
12:24:34,91368.1,0.01,BUY
12:24:34,91368.1,0.01,BUY
12:24:34,91368.1,0.01,BUY
12:24:34,91368.1,0.01,BUY
12:24:35,91368.1,0.01,BUY
12:24:35,91368.1,0.01,BUY
12:24:35,91368.1,0.01,BUY
12:24:35,91368.1,0.01,BUY
12:24:35,91368.1,0.01,BUY
12:24:35,91368.1,0.01,BUY
12:24:35,91368.1,0.01,BUY
12:24:36,91368.1,0.01,BUY
12:24:36,91368.1,0.01,BUY
12:24:36,91368.1,0.01,BUY
12:24:36,91368.1,0.01,BUY
12:24:36,91368.1,0.01,BUY
12:24:36,91368.1,0.01,BUY
12:24:36,91368.1,0.01,BUY
12:24:36,91368.1,0.01,BUY
12:24:36,91368.1,0.01,BUY
12:24:36,91368.1,0.01,BUY
12:24:36,91368.1,0.01,BUY
12:24:36,91368.1,0.01,BUY
12:24:36,91368.1,0.01,BUY
12:24:36,91368.1,0.01,BUY
12:24:36,91368.1,0.01,BUY
12:24:36,91368.1,0.01,BUY
12:24:36,91368.1,0.01,BUY
12:24:36,91368.1,0.01,BUY
12:24:36,91368.1,0.01,BUY
12:24:36,91368.1,0.01,BUY
12:24:36,91368.1,0.01,BUY
12:24:36,91368.1,0.01,BUY
12:24:36,91368.1,0.01,BUY
12:24:36,91368.1,0.01,BUY
12:24:36,91368.1,0.01,BUY
12:24:36,91368.1,0.01,BUY
12:24:36,91368.1,0.01,BUY
12:24:36,91368.1,0.01,BUY
12:24:37,91368.1,0.01,BUY
12:24:37,91368.1,0.01,BUY
12:24:37,91368.1,0.01,BUY
12:24:37,91368.1,0.01,BUY
12:24:37,91368.1,0.01,BUY
12:24:37,91368.1,0.01,BUY
12:24:37,91368.1,0.01,BUY
12:24:37,91368.1,0.01,BUY
12:24:37,91368.1,0.01,BUY
12:24:37,91368.1,0.01,BUY
12:24:37,91368.1,0.01,BUY
12:24:37,91368.1,0.01,BUY
12:24:37,91368.1,0.01,BUY
12:24:37,91368.1,0.01,BUY
12:24:37,91368.1,0.01,BUY
12:24:37,91368.1,0.01,BUY
12:24:37,91368.1,0.01,BUY
12:24:37,91368.1,0.01,BUY
12:24:37,91368.1,0.01,BUY
12:24:37,91368.1,0.01,BUY
12:24:37,91368.1,0.01,BUY
12:24:38,91368.1,0.01,BUY
12:24:38,91368.1,0.01,BUY
12:24:38,91368.1,0.01,BUY
12:24:38,91368.1,0.01,BUY
12:24:38,91368.1,0.01,BUY
12:24:38,91368.1,0.01,BUY
12:24:38,91368.1,0.01,BUY
12:24:38,91368.1,0.01,BUY
12:24:38,91368.1,0.01,BUY
12:24:38,91368.1,0.01,BUY
12:24:39,91368.1,0.01,BUY
12:24:39,91368.1,0.01,BUY
12:24:39,91368.1,0.01,BUY
12:24:39,91368.1,0.01,BUY
12:24:39,91368.1,0.01,BUY
12:24:39,91368.1,0.01,BUY
12:24:39,91368.1,0.01,BUY
12:24:39,91368.1,0.01,BUY
12:24:39,91368.1,0.01,BUY
12:24:39,91368.1,0.01,BUY
12:24:39,91368.1,0.01,BUY
12:24:40,91368.1,0.01,BUY
12:24:40,91368.1,0.01,BUY
12:24:40,91368.1,0.01,BUY
12:24:40,91368.1,0.01,BUY
12:24:40,91368.1,0.01,BUY
12:24:40,91368.1,0.01,BUY
12:24:40,91368.1,0.01,BUY
12:24:40,91368.1,0.01,BUY
12:24:40,91368.1,0.01,BUY
12:24:40,91368.1,0.01,BUY
12:24:40,91368.1,0.01,BUY
12:24:40,91368.1,0.01,BUY
12:24:40,91368.1,0.01,BUY
12:24:40,91368.1,0.01,BUY
12:24:40,91368.1,0.01,BUY
12:24:40,91368.1,0.01,BUY
12:24:40,91368.1,0.01,BUY
12:24:41,91368.1,0.01,BUY
12:24:41,91368.1,0.01,BUY
12:24:41,91368.1,0.01,BUY
12:24:41,91368.1,0.01,BUY
12:24:41,91368.1,0.01,BUY
12:24:41,91368.1,0.01,BUY
12:24:41,91368.1,0.01,BUY
12:24:41,91368.1,0.01,BUY
12:24:41,91368.1,0.01,BUY
12:24:41,91368.1,0.01,BUY
12:24:41,91368.1,0.01,BUY
12:24:41,91368.1,0.01,BUY
12:24:41,91368.1,0.01,BUY
12:24:42,91368.1,0.01,BUY
12:24:42,91368.1,0.01,BUY
12:24:45,91368.1,0.01,BUY
12:24:45,91368.1,0.01,BUY
12:24:45,91368.1,0.01,BUY
12:24:45,91368.1,0.01,BUY
12:24:45,91368.1,0.01,BUY
12:24:45,91368.1,0.01,BUY
12:24:45,91368.1,0.01,BUY
12:24:45,91368.1,0.01,BUY
12:24:45,91368.1,0.01,BUY
12:24:46,91368.1,0.01,BUY
12:24:46,91368.1,0.01,BUY
12:24:46,91368.1,0.01,BUY
12:24:46,91368.1,0.01,BUY
12:24:46,91368.1,0.01,BUY
12:24:46,91368.1,0.01,BUY
12:24:46,91368.1,0.01,BUY
12:24:46,91368.1,0.01,BUY
12:24:46,91368.1,0.01,BUY
12:24:47,91368.1,0.01,BUY
12:24:47,91368.1,0.01,BUY
12:24:54,91368.1,0.01,BUY
12:24:54,91368.1,0.01,BUY
12:24:54,91368.1,0.01,BUY
12:24:54,91368.1,0.01,BUY
12:24:54,91368.1,0.01,BUY
12:24:54,91368.1,0.01,BUY
12:24:54,91368.1,0.01,BUY
12:24:54,91368.1,0.01,BUY
12:24:54,91368.1,0.01,BUY
12:24:54,91368.1,0.01,BUY
12:24:54,91368.1,0.01,BUY
12:24:55,91368.1,0.01,BUY
12:24:55,91368.1,0.01,BUY
12:24:55,91368.1,0.01,BUY
12:24:55,91368.1,0.01,BUY
12:24:55,91368.1,0.01,BUY
12:24:55,91368.1,0.01,BUY
12:24:55,91368.1,0.01,BUY
12:24:55,91368.1,0.01,BUY
12:24:55,91368.1,0.01,BUY
12:24:55,91368.1,0.01,BUY
12:24:55,91368.1,0.01,BUY
12:24:55,91368.1,0.01,BUY
12:24:55,91368.1,0.01,BUY
12:24:56,91368.1,0.01,BUY
12:24:56,91368.1,0.01,BUY
12:24:56,91368.1,0.01,BUY
12:24:56,91368.1,0.01,BUY
12:24:56,91368.1,0.01,BUY
12:24:56,91368.1,0.01,BUY
12:24:56,91368.1,0.01,BUY
12:24:56,91368.1,0.01,BUY
12:24:56,91368.1,0.01,BUY
12:24:56,91368.1,0.01,BUY
12:24:56,91368.1,0.01,BUY
12:24:56,91368.1,0.01,BUY
12:25:05,91368.1,0.01,SELL
12:25:05,91368.1,0.01,SELL
12:25:05,91368.1,0.01,SELL
12:25:05,91368.1,0.01,SELL
12:25:05,91368.1,0.01,SELL
12:25:05,91368.1,0.01,SELL
12:25:05,91368.1,0.01,SELL
12:25:05,91368.1,0.01,SELL
12:25:05,91368.1,0.01,SELL
12:25:05,91368.1,0.01,SELL
12:25:05,91368.1,0.01,SELL
12:25:05,91368.1,0.01,SELL
12:25:05,91368.1,0.01,SELL
12:25:05,91368.1,0.01,SELL
12:25:05,91368.1,0.01,SELL
12:25:05,91367.4,0.01,SELL
12:25:05,91365.6,0.01,SELL
12:25:05,91364.9,0.01,SELL
12:25:05,91363.6,0.01,SELL
12:25:05,91363.4,0.01,SELL
12:25:05,91362.6,0.01,SELL
12:25:05,91362.4,0.01,SELL
12:25:05,91362.4,0.01,SELL
12:25:05,91362.4,0.01,SELL
12:25:05,91362.4,0.01,SELL
12:25:05,91362.4,0.01,SELL
12:25:05,91362.4,0.01,SELL
12:25:05,91362.4,0.01,SELL
12:25:05,91362.4,0.01,SELL
12:25:05,91362.4,0.01,SELL
12:25:05,91362.4,0.01,SELL
12:25:05,91362.4,0.01,SELL
12:25:05,91362.4,0.01,SELL
12:25:05,91362.4,0.01,SELL
12:25:05,91362.4,0.01,SELL
12:25:05,91362.4,0.01,SELL
12:25:05,91362.4,0.01,SELL
12:25:05,91362.4,0.01,SELL
12:25:05,91362.4,0.01,SELL
12:25:05,91362.4,0.01,SELL
12:25:05,91362.4,0.01,SELL
12:25:05,91362.4,0.01,SELL
12:25:05,91362.4,0.01,SELL
12:25:05,91362.4,0.01,SELL
12:25:05,91362.4,0.01,SELL
12:25:05,91362.4,0.01,SELL
12:25:05,91362.4,0.01,SELL
12:25:05,91362.4,0.01,SELL
12:25:05,91362.4,0.01,SELL
12:25:05,91362.4,0.01,SELL
12:25:05,91360,0.01,SELL
12:25:05,91360,0.01,SELL
12:25:05,91360,0.01,SELL
12:25:05,91360,0.01,SELL
12:25:05,91360,0.01,SELL
12:25:05,91360,0.01,SELL
12:25:05,91360,0.01,SELL
12:25:05,91360,0.01,SELL
12:25:05,91360,0.01,SELL
12:25:05,91360,0.01,SELL
12:25:05,91360,0.01,SELL
12:25:05,91360,0.01,SELL
12:25:05,91360,0.01,SELL
12:25:05,91360,0.01,SELL
12:25:05,91360,0.01,SELL
12:25:05,91360,0.01,SELL
12:25:05,91360,0.01,SELL
12:25:05,91360,0.01,SELL
12:25:05,91360,0.01,SELL
12:25:05,91360,0.01,SELL
12:25:05,91360,0.01,SELL
12:25:05,91360,0.01,SELL
12:25:05,91360,0.01,SELL
12:25:05,91359.3,0.01,SELL
12:25:05,91358.9,0.01,SELL
12:25:05,91358.9,0.01,SELL
12:25:05,91358.9,0.01,SELL
12:25:05,91358.9,0.01,SELL
12:25:05,91358.9,0.01,SELL
12:25:05,91358.9,0.01,SELL
12:25:05,91358.9,0.01,SELL
12:25:05,91358.9,0.01,SELL
12:25:05,91358.9,0.01,SELL
12:25:05,91358.9,0.01,SELL
12:25:05,91358.9,0.01,SELL
12:25:05,91358.9,0.01,SELL
12:25:05,91357.9,0.01,SELL
12:25:05,91357.9,0.01,SELL
12:25:05,91357.9,0.01,SELL
12:25:05,91357.9,0.01,SELL
12:25:05,91357.9,0.01,SELL
12:25:05,91357.9,0.01,SELL
12:25:05,91357.9,0.01,SELL
12:25:05,91357.9,0.01,SELL
12:25:05,91357.9,0.01,SELL
12:25:05,91357.9,0.01,SELL
12:25:05,91357.9,0.01,SELL
12:25:06,91357.9,0.01,SELL
12:25:06,91357.9,0.01,SELL
12:25:06,91357.9,0.01,SELL
12:25:06,91357.9,0.01,SELL
12:25:06,91357.9,0.01,SELL
12:25:06,91357.9,0.01,SELL
12:25:06,91357.9,0.01,SELL
12:25:06,91357.9,0.01,SELL
12:25:06,91357.9,0.01,SELL
12:25:06,91357.9,0.01,SELL
12:25:06,91357.9,0.01,SELL
12:25:06,91357.6,0.01,SELL
12:25:06,91357.6,0.01,SELL
12:25:06,91357.6,0.01,SELL
12:25:06,91357.6,0.01,SELL
12:25:06,91357.6,0.01,SELL
12:25:06,91357.6,0.01,SELL
12:25:06,91357.6,0.01,SELL
12:25:06,91357.6,0.01,SELL
12:25:06,91357.6,0.01,SELL
12:25:06,91357.6,0.01,SELL
12:25:06,91357.6,0.01,SELL
12:25:06,91357.6,0.01,SELL
12:25:06,91357.6,0.01,SELL
12:25:06,91357.6,0.01,SELL
12:25:06,91357.6,0.01,SELL
12:25:06,91357.6,0.01,SELL
12:25:06,91357.6,0.01,SELL
12:25:06,91357.6,0.01,SELL
12:25:06,91357.6,0.01,SELL
12:25:06,91357.6,0.01,SELL
12:25:06,91357.6,0.01,SELL
12:25:06,91357.6,0.01,SELL
12:25:06,91357.6,0.01,SELL
12:25:06,91354.2,0.01,SELL
12:25:06,91354.2,0.01,SELL
12:25:06,91354.2,0.01,SELL
12:25:06,91354.2,0.01,SELL
12:25:06,91354.2,0.01,SELL
12:25:06,91354.2,0.01,SELL
12:25:06,91354.2,0.01,SELL
12:25:06,91354.2,0.01,SELL
12:25:06,91354.2,0.01,SELL
12:25:06,91354.2,0.01,SELL
12:25:06,91354.2,0.01,SELL
12:25:06,91354.2,0.01,SELL
12:25:06,91354.2,0.01,SELL
12:25:06,91354.2,0.01,SELL
12:25:06,91354.2,0.01,SELL
12:25:06,91354.2,0.01,SELL
12:25:06,91354.2,0.01,SELL
12:25:06,91354.2,0.01,SELL
12:25:06,91354.2,0.01,SELL
12:25:06,91354.2,0.01,SELL
12:25:06,91354.2,0.01,SELL
12:25:06,91354.2,0.01,SELL
12:25:06,91354.2,0.01,SELL
12:25:06,91354.2,0.01,SELL
12:25:06,91354.2,0.01,SELL
12:25:06,91354.2,0.01,SELL
12:25:06,91354.2,0.01,SELL
12:25:06,91354.2,0.01,SELL
12:25:06,91354.2,0.01,SELL
12:25:06,91354.2,0.01,SELL
12:25:06,91354.2,0.01,SELL
12:25:06,91354.2,0.01,SELL
12:25:06,91354.2,0.01,SELL
12:25:06,91354.2,0.01,SELL
12:25:06,91354.2,0.01,SELL
12:25:06,91354.2,0.01,SELL
12:25:06,91354.2,0.01,SELL
12:25:06,91354.2,0.01,SELL
12:25:06,91354.2,0.01,SELL
12:25:06,91354.2,0.01,SELL
12:25:06,91354.2,0.01,SELL
12:25:06,91354.2,0.01,SELL
12:25:06,91354.2,0.01,SELL
12:25:06,91354.2,0.01,SELL
12:25:06,91354.2,0.01,SELL
12:25:06,91354.2,0.01,SELL
12:25:06,91354.2,0.01,SELL
12:25:06,91354.2,0.01,SELL
12:25:06,91354.2,0.01,SELL
12:25:06,91354.2,0.01,SELL
12:25:06,91354.2,0.01,SELL
12:25:06,91354.2,0.01,SELL
12:25:06,91354.2,0.01,SELL
12:25:06,91354.2,0.01,SELL
12:25:06,91354.2,0.01,SELL
12:25:06,91354.2,0.01,SELL
12:25:06,91354.2,0.01,SELL
12:25:06,91354.2,0.01,SELL
12:25:06,91354.2,0.01,SELL
12:25:06,91354.2,0.01,SELL
12:25:06,91354.2,0.01,SELL
12:25:06,91354.2,0.01,SELL
12:25:06,91354.2,0.01,SELL
12:25:06,91354.2,0.01,SELL
12:25:06,91354.2,0.01,SELL
12:25:06,91354.2,0.01,SELL
12:25:06,91354.2,0.01,SELL
12:25:06,91354.2,0.01,SELL
12:25:06,91354.2,0.01,SELL
12:25:06,91354.2,0.01,SELL
12:25:06,91354.2,0.01,SELL
12:25:06,91354.2,0.01,SELL
12:25:06,91354.2,0.01,SELL
12:25:06,91354.2,0.01,SELL
12:25:06,91354.2,0.01,SELL
12:25:06,91354.2,0.01,SELL
12:25:06,91354.2,0.01,SELL
12:25:06,91354.2,0.01,SELL
12:25:06,91354.2,0.01,SELL
12:25:06,91354.2,0.01,SELL
12:25:06,91351.2,0.01,SELL
12:25:06,91351.2,0.01,SELL
12:25:06,91351.2,0.01,SELL
12:25:06,91351.2,0.01,SELL
12:25:06,91351.2,0.01,SELL
12:25:06,91351.2,0.01,SELL
12:25:06,91351.2,0.01,SELL
12:25:06,91351.2,0.01,SELL
12:25:06,91351.2,0.01,SELL
12:25:06,91351.2,0.01,SELL
12:25:06,91351.2,0.01,SELL
12:25:06,91351.2,0.01,SELL
12:25:06,91351.2,0.01,SELL
12:25:06,91351.2,0.01,SELL
12:25:06,91351.2,0.01,SELL
12:25:06,91351.2,0.01,SELL
12:25:06,91351.2,0.01,SELL
12:25:06,91351.2,0.01,SELL
12:25:06,91351.2,0.01,SELL
12:25:06,91351.2,0.01,SELL
12:25:06,91351.2,0.01,SELL
12:25:06,91351.2,0.01,SELL
12:25:06,91351.2,0.01,SELL
12:25:06,91351.2,0.01,SELL
12:25:06,91351.2,0.01,SELL
12:25:06,91351.2,0.01,SELL
12:25:06,91351.2,0.01,SELL
12:25:06,91351.2,0.01,SELL
12:25:06,91351.2,0.01,SELL
12:25:06,91351.2,0.01,SELL
12:25:06,91351.2,0.01,SELL
12:25:06,91351.2,0.01,SELL
12:25:06,91351.2,0.01,SELL
12:25:06,91351.2,0.01,SELL
12:25:06,91351.2,0.01,SELL
12:25:06,91351.2,0.01,SELL
12:25:06,91351.2,0.01,SELL
12:25:06,91351.2,0.01,SELL
12:25:06,91351.2,0.01,SELL
12:25:06,91351.2,0.01,SELL
12:25:06,91351.2,0.01,SELL
12:25:06,91351.2,0.01,SELL
12:25:06,91351.2,0.01,SELL
12:25:06,91351.2,0.01,SELL
12:25:06,91351.2,0.01,SELL
12:25:06,91351.2,0.01,SELL
12:25:06,91351.2,0.01,SELL
12:25:06,91351.2,0.01,SELL
12:25:06,91351.2,0.01,SELL
12:25:06,91351.2,0.01,SELL
12:25:06,91351.2,0.01,SELL
12:25:06,91351.2,0.01,SELL
12:25:06,91351.2,0.01,SELL
12:25:06,91351.2,0.01,SELL
12:25:06,91351.2,0.01,SELL
12:25:06,91351.2,0.01,SELL
12:25:06,91351.2,0.01,SELL
12:25:06,91351.2,0.01,SELL
12:25:06,91351.2,0.01,SELL
12:25:06,91351.2,0.01,SELL
12:25:06,91351.2,0.01,SELL
12:25:06,91351.2,0.01,SELL
12:25:06,91351.2,0.01,SELL
12:25:06,91351.2,0.01,SELL
12:25:06,91351.2,0.01,SELL
12:25:06,91351.2,0.01,SELL
12:25:06,91351.2,0.01,SELL
12:25:06,91351.2,0.01,SELL
12:25:06,91351.2,0.01,SELL
12:25:06,91351.2,0.01,SELL
12:25:06,91351.2,0.01,SELL
12:25:06,91351.2,0.01,SELL
12:25:06,91351.2,0.01,SELL
12:25:06,91351.2,0.01,SELL
12:25:07,91351.2,0.01,SELL
12:25:07,91351.2,0.01,SELL
12:25:07,91351.2,0.01,SELL
12:25:07,91351.2,0.01,SELL
12:25:07,91351.2,0.01,SELL
12:25:07,91351.2,0.01,SELL
12:25:07,91351.2,0.01,SELL
12:25:07,91351.2,0.01,SELL
12:25:07,91351.2,0.01,SELL
12:25:07,91351.2,0.01,SELL
12:25:07,91351.2,0.01,SELL
12:25:07,91351.2,0.01,SELL
12:25:07,91351.2,0.01,SELL
12:25:07,91351.2,0.01,SELL
12:25:07,91351.2,0.01,SELL
12:25:07,91351.2,0.01,SELL
12:25:07,91351.2,0.01,SELL
12:25:07,91351.2,0.01,SELL
12:25:07,91351.2,0.01,SELL
12:25:07,91351.2,0.01,SELL
12:25:07,91351.2,0.01,SELL
12:25:07,91351.2,0.01,SELL
12:25:07,91351.2,0.01,SELL
12:25:07,91351.2,0.01,SELL
12:25:07,91351.2,0.01,SELL
12:25:07,91351.2,0.01,SELL
12:25:08,91351.2,0.01,SELL
12:25:08,91351.2,0.01,SELL
12:25:08,91351.2,0.01,SELL
12:25:08,91351.2,0.01,SELL
12:25:08,91351.2,0.01,SELL
12:25:08,91351.2,0.01,SELL
12:25:08,91351.2,0.01,SELL
12:25:08,91351.2,0.01,SELL
12:25:08,91351.2,0.01,SELL
12:25:08,91351.2,0.01,SELL
12:25:08,91351.2,0.01,SELL
12:25:09,91351.2,0.01,SELL
12:25:09,91351.2,0.01,SELL
12:25:09,91351.2,0.01,SELL
12:25:09,91351.2,0.01,SELL
12:25:09,91351.2,0.01,SELL
12:25:09,91351.2,0.01,SELL
12:25:09,91351.2,0.01,SELL
12:25:09,91351.2,0.01,SELL
12:25:09,91351.2,0.01,SELL
12:25:09,91351.2,0.01,SELL
12:25:09,91351.2,0.01,SELL
12:25:09,91351.2,0.01,SELL
12:25:09,91351.2,0.01,SELL
12:25:09,91351.2,0.01,SELL
12:25:09,91351.2,0.01,SELL
12:25:09,91351.2,0.01,SELL
12:25:09,91351.2,0.01,SELL
12:25:09,91351.2,0.01,SELL
12:25:09,91351.2,0.01,SELL
12:25:09,91351.2,0.01,SELL
12:25:09,91351.2,0.01,SELL
12:25:09,91351.2,0.01,SELL
12:25:09,91351.2,0.01,SELL
12:25:10,91351.2,0.01,SELL
12:25:10,91351.2,0.01,SELL
12:25:10,91351.2,0.01,SELL
12:25:10,91351.2,0.01,SELL
12:25:10,91351.2,0.01,SELL
12:25:10,91351.2,0.01,SELL
12:25:10,91351.2,0.01,SELL
12:25:10,91351.2,0.01,SELL
12:25:10,91351.2,0.01,SELL
12:25:10,91351.2,0.01,SELL
12:25:10,91351.2,0.01,SELL
12:25:10,91351.2,0.01,SELL
12:25:10,91351.2,0.01,SELL
12:25:10,91351.2,0.01,SELL
12:25:10,91351.2,0.01,SELL
12:25:10,91351.2,0.01,SELL
12:25:10,91351.2,0.01,SELL
12:25:10,91351.2,0.01,SELL
12:25:10,91351.2,0.01,SELL
12:25:10,91351.2,0.01,SELL
12:25:10,91351.2,0.01,SELL
12:25:10,91351.2,0.01,SELL
12:25:10,91351.2,0.01,SELL
12:25:10,91351.2,0.01,SELL
12:25:10,91351.2,0.01,SELL
12:25:10,91348.9,0.01,SELL
12:25:10,91348.9,0.01,SELL
12:25:10,91348.9,0.01,SELL
12:25:10,91348.9,0.01,SELL
12:25:10,91348.9,0.01,SELL
12:25:10,91348.9,0.01,SELL
12:25:10,91348.9,0.01,SELL
12:25:10,91348.9,0.01,SELL
12:25:10,91348.9,0.01,SELL
12:25:10,91348.9,0.01,SELL
12:25:10,91348.9,0.01,SELL
12:25:10,91348.9,0.01,SELL
12:25:10,91348.9,0.01,SELL
12:25:10,91348.9,0.01,SELL
12:25:10,91348.9,0.01,SELL
12:25:10,91348.9,0.01,SELL
12:25:10,91348.9,0.01,SELL
12:25:10,91348.9,0.01,SELL
12:25:10,91348.9,0.01,SELL
12:25:10,91348.9,0.01,SELL
12:25:10,91348.9,0.01,SELL
12:25:10,91348.9,0.01,SELL
12:25:10,91348.9,0.01,SELL
12:25:10,91348.9,0.01,SELL
12:25:10,91348.9,0.01,SELL
12:25:10,91348.9,0.01,SELL
12:25:10,91348.7,0.01,SELL
12:25:10,91348.7,0.01,SELL
12:25:10,91348.7,0.01,SELL
12:25:10,91348.7,0.01,SELL
12:25:10,91348.7,0.01,SELL
12:25:10,91348.7,0.01,SELL
12:25:10,91348.7,0.01,SELL
12:25:10,91348.7,0.01,SELL
12:25:10,91348.7,0.01,SELL
12:25:10,91348.7,0.01,SELL
12:25:10,91348.7,0.01,SELL
12:25:10,91348.7,0.01,SELL
12:25:10,91348.7,0.01,SELL
12:25:10,91348.7,0.01,SELL
12:25:10,91348.7,0.01,SELL
12:25:10,91348.7,0.01,SELL
12:25:10,91348.7,0.01,SELL
12:25:10,91348.7,0.01,SELL
12:25:10,91348.7,0.01,SELL
12:25:10,91348.7,0.01,SELL
12:25:10,91348.7,0.01,SELL
12:25:10,91348.7,0.01,SELL
12:25:10,91348.7,0.01,SELL
12:25:10,91348.7,0.01,SELL
12:25:10,91348.7,0.01,SELL
12:25:10,91348.7,0.01,SELL
12:25:10,91348.7,0.01,SELL
12:25:10,91347.7,0.01,SELL
12:25:10,91347.7,0.01,SELL
12:25:10,91347.7,0.01,SELL
12:25:10,91347.7,0.01,SELL
12:25:10,91347.7,0.01,SELL
12:25:10,91347.7,0.01,SELL
12:25:10,91347.7,0.01,SELL
12:25:10,91347.7,0.01,SELL
12:25:10,91347.7,0.01,SELL
12:25:10,91347.7,0.01,SELL
12:25:10,91347.7,0.01,SELL
12:25:10,91347.7,0.01,SELL
12:25:10,91347.7,0.01,SELL
12:25:10,91347.7,0.01,SELL
12:25:10,91347.7,0.01,SELL
12:25:10,91347.7,0.01,SELL
12:25:10,91347.7,0.01,SELL
12:25:10,91347.7,0.01,SELL
12:25:10,91347.7,0.01,SELL
12:25:10,91347.7,0.01,SELL
12:25:10,91347.7,0.01,SELL
12:25:10,91347.7,0.01,SELL
12:25:10,91347.7,0.01,SELL
12:25:10,91347.7,0.01,SELL
12:25:10,91347.7,0.01,SELL
12:25:10,91347.7,0.01,SELL
12:25:10,91347.7,0.01,SELL
12:25:10,91347.7,0.01,SELL
12:25:10,91347.7,0.01,SELL
12:25:10,91347.7,0.01,SELL
12:25:10,91347.7,0.01,SELL
12:25:10,91344.4,0.01,SELL
12:25:10,91344.4,0.01,SELL
12:25:10,91344.4,0.01,SELL
12:25:10,91344.4,0.01,SELL
12:25:10,91344.4,0.01,SELL
12:25:10,91344.4,0.01,SELL
12:25:10,91344.4,0.01,SELL
12:25:10,91344.4,0.01,SELL
12:25:10,91344.4,0.01,SELL
12:25:10,91344.4,0.01,SELL
12:25:10,91344.4,0.01,SELL
12:25:10,91344.4,0.01,SELL
12:25:10,91344.4,0.01,SELL
12:25:10,91344.4,0.01,SELL
12:25:10,91344.4,0.01,SELL
12:25:10,91344.4,0.01,SELL
12:25:10,91344.4,0.01,SELL
12:25:10,91344.4,0.01,SELL
12:25:10,91344.4,0.01,SELL
12:25:10,91344.4,0.01,SELL
12:25:10,91344.4,0.01,SELL
12:25:10,91344.4,0.01,SELL
12:25:10,91344.4,0.01,SELL
12:25:10,91344.4,0.01,SELL
12:25:10,91344.4,0.01,SELL
12:25:10,91344.4,0.01,SELL
12:25:10,91344.4,0.01,SELL
12:25:10,91344.4,0.01,SELL
12:25:10,91344.4,0.01,SELL
12:25:10,91344.4,0.01,SELL
12:25:10,91344.4,0.01,SELL
12:25:10,91344.4,0.01,SELL
12:25:10,91344.4,0.01,SELL
12:25:10,91344.4,0.01,SELL
12:25:11,91344.4,0.01,SELL
12:25:11,91344.4,0.01,SELL
12:25:11,91344.4,0.01,SELL
12:25:11,91344.4,0.01,SELL
12:25:11,91344.4,0.01,SELL
12:25:11,91344.4,0.01,SELL
12:25:11,91344.4,0.01,SELL
12:25:11,91344.4,0.01,SELL
12:25:11,91344.4,0.01,SELL
12:25:11,91344.4,0.01,SELL
12:25:11,91344.4,0.01,SELL
12:25:11,91344.4,0.01,SELL
12:25:11,91344.4,0.01,SELL
12:25:11,91344.4,0.01,SELL
12:25:11,91344.4,0.01,SELL
12:25:11,91344.4,0.01,SELL
12:25:11,91344.4,0.01,SELL
12:25:11,91344.4,0.01,SELL
12:25:11,91344.4,0.01,SELL
