Time,Price_USD,Quantity_BTC,Side
22:13:36,91378.9,0.01,BUY
22:13:36,91378.9,0.01,BUY
22:13:36,91378.9,0.01,BUY
22:13:36,91378.9,0.01,BUY
22:13:36,91378.9,0.01,BUY
22:13:36,91378.9,0.01,BUY
22:13:36,91378.9,0.01,BUY
22:13:36,91378.9,0.01,BUY
22:13:36,91378.9,0.01,BUY
22:13:36,91378.9,0.01,BUY
22:13:36,91378.9,0.01,BUY
22:13:36,91378.9,0.01,BUY
22:13:36,91378.9,0.01,BUY
22:13:36,91378.9,0.01,BUY
22:13:36,91378.9,0.01,BUY
22:13:36,91378.9,0.01,BUY
22:13:36,91378.9,0.01,BUY
22:13:36,91378.9,0.01,BUY
22:13:36,91378.9,0.01,BUY
22:13:36,91378.9,0.01,BUY
22:13:36,91378.9,0.01,BUY
22:13:36,91378.9,0.01,BUY
22:13:36,91378.9,0.01,BUY
22:13:36,91378.9,0.01,BUY
22:13:36,91378.9,0.01,BUY
22:13:36,91378.9,0.01,BUY
22:13:36,91378.9,0.01,BUY
22:13:36,91378.9,0.01,BUY
22:13:36,91378.9,0.01,BUY
22:13:36,91378.9,0.01,BUY
22:13:36,91378.9,0.01,BUY
22:13:36,91378.9,0.01,BUY
22:13:36,91378.9,0.01,BUY
22:13:36,91378.9,0.01,BUY
22:13:36,91378.9,0.01,BUY
22:13:36,91378.9,0.01,BUY
22:13:36,91378.9,0.01,BUY
22:13:36,91378.9,0.01,BUY
22:13:36,91378.9,0.01,BUY
22:13:36,91378.9,0.01,BUY
22:13:36,91378.9,0.01,BUY
22:13:36,91378.9,0.01,BUY
22:13:36,91378.9,0.01,BUY
22:13:36,91378.9,0.01,BUY
22:13:36,91378.9,0.01,BUY
22:13:36,91378.9,0.01,BUY
22:13:36,91378.9,0.01,BUY
22:13:36,91378.9,0.01,BUY
22:13:36,91378.9,0.01,BUY
22:13:36,91378.9,0.01,BUY
22:13:36,91378.9,0.01,BUY
22:13:36,91378.9,0.01,BUY
22:13:36,91378.9,0.01,BUY
22:13:36,91378.9,0.01,BUY
22:13:36,91378.9,0.01,BUY
22:13:36,91378.9,0.01,BUY
22:13:36,91378.9,0.01,BUY
22:13:36,91378.9,0.01,BUY
22:13:36,91378.9,0.01,BUY
22:13:36,91378.9,0.01,BUY
22:13:36,91378.9,0.01,BUY
22:13:36,91378.9,0.01,BUY
22:13:36,91378.9,0.01,BUY
22:13:36,91378.9,0.01,BUY
22:13:36,91378.9,0.01,BUY
22:13:36,91378.9,0.01,BUY
22:13:36,91378.9,0.01,BUY
22:13:36,91378.9,0.01,BUY
22:13:36,91378.9,0.01,BUY
22:13:36,91378.9,0.01,BUY
22:13:36,91378.9,0.01,BUY
22:13:36,91378.9,0.01,BUY
22:13:36,91378.9,0.01,BUY
22:13:36,91378.9,0.01,BUY
22:13:36,91378.9,0.01,BUY
22:13:36,91378.9,0.01,BUY
22:13:36,91378.9,0.01,BUY
22:13:36,91378.9,0.01,BUY
22:13:36,91378.9,0.01,BUY
22:13:36,91378.9,0.01,BUY
22:13:36,91378.9,0.01,BUY
22:13:36,91378.9,0.01,BUY
22:13:36,91378.9,0.01,BUY
22:13:36,91378.9,0.01,BUY
22:13:36,91378.9,0.01,BUY
22:13:36,91378.9,0.01,BUY
22:13:36,91378.9,0.01,BUY
22:13:36,91378.9,0.01,BUY
22:13:36,91378.9,0.01,BUY
22:13:36,91378.9,0.01,BUY
22:13:36,91378.9,0.01,BUY
22:13:36,91378.9,0.01,BUY
22:13:36,91378.9,0.01,BUY
22:13:36,91378.9,0.01,BUY
22:13:36,91378.9,0.01,BUY
22:13:36,91378.9,0.01,BUY
22:13:36,91378.9,0.01,BUY
22:13:36,91378.9,0.01,BUY
22:13:36,91378.9,0.01,BUY
22:13:36,91378.9,0.01,BUY
22:13:36,91378.9,0.01,BUY
22:13:36,91378.9,0.01,BUY
22:13:36,91373.8,0.01,SELL
22:13:36,91373.8,0.01,SELL
22:13:36,91373.8,0.01,SELL
22:13:36,91373.8,0.01,SELL
22:13:36,91373.8,0.01,SELL
22:13:36,91373.8,0.01,SELL
22:13:36,91373.8,0.01,SELL
22:13:36,91373.8,0.01,SELL
22:13:36,91373.8,0.01,SELL
22:13:36,91373.8,0.01,SELL
22:13:36,91373.8,0.01,SELL
22:13:36,91376.3,0.01,SELL
22:13:36,91376.3,0.01,SELL
22:13:36,91376.3,0.01,SELL
22:13:36,91376.3,0.01,SELL
22:13:36,91376.3,0.01,SELL
22:13:36,91376.3,0.01,SELL
22:13:36,91376.3,0.01,SELL
22:13:36,91376.3,0.01,SELL
22:13:36,91376.3,0.01,SELL
22:13:36,91378.9,0.01,BUY
22:13:36,91378.9,0.01,BUY
22:13:36,91378.9,0.01,BUY
22:13:36,91378.9,0.01,BUY
22:13:36,91378.9,0.01,BUY
22:13:36,91378.9,0.01,BUY
22:13:36,91378.9,0.01,BUY
22:13:36,91378.9,0.01,BUY
22:13:36,91378.9,0.01,BUY
22:13:36,91378.9,0.01,BUY
22:13:36,91378.9,0.01,BUY
22:13:36,91378.9,0.01,BUY
22:13:36,91378.9,0.01,BUY
22:13:36,91378.9,0.01,BUY
22:13:36,91378.9,0.01,BUY
22:13:36,91378.9,0.01,BUY
22:13:36,91378.9,0.01,BUY
22:13:36,91378.9,0.01,BUY
22:13:36,91378.9,0.01,BUY
22:13:36,91378.9,0.01,BUY
22:13:36,91378.9,0.01,BUY
22:13:36,91378.9,0.01,BUY
22:13:36,91378.9,0.01,BUY
22:13:36,91378.9,0.01,BUY
22:13:36,91378.9,0.01,BUY
22:13:36,91378.9,0.01,BUY
22:13:37,91378.9,0.01,BUY
22:13:37,91378.9,0.01,BUY
22:13:37,91378.9,0.01,BUY
22:13:37,91378.9,0.01,BUY
22:13:37,91378.9,0.01,BUY
22:13:37,91378.9,0.01,BUY
22:13:37,91378.9,0.01,BUY
22:13:37,91378.9,0.01,BUY
22:13:37,91378.9,0.01,BUY
22:13:37,91378.9,0.01,BUY
22:13:37,91378.9,0.01,BUY
22:13:37,91378.9,0.01,BUY
22:13:37,91378.9,0.01,BUY
22:13:37,91378.9,0.01,BUY
22:13:37,91378.9,0.01,BUY
22:13:37,91378.9,0.01,BUY
22:13:37,91378.9,0.01,BUY
22:13:37,91378.9,0.01,BUY
22:13:37,91378.9,0.01,BUY
22:13:37,91378.9,0.01,BUY
22:13:37,91378.9,0.01,BUY
22:13:37,91378.9,0.01,BUY
22:13:37,91378.9,0.01,BUY
22:13:37,91378.9,0.01,BUY
22:13:37,91378.9,0.01,BUY
22:13:37,91378.9,0.01,BUY
22:13:37,91378.9,0.01,BUY
22:13:37,91378.9,0.01,BUY
22:13:37,91378.9,0.01,BUY
22:13:37,91378.9,0.01,BUY
22:13:37,91378.9,0.01,BUY
22:13:37,91378.9,0.01,BUY
22:13:37,91378.9,0.01,BUY
22:13:37,91378.9,0.01,BUY
22:13:37,91378.9,0.01,BUY
22:13:37,91378.9,0.01,BUY
22:13:37,91378.9,0.01,BUY
22:13:37,91378.9,0.01,BUY
22:13:37,91378.9,0.01,BUY
22:13:37,91378.9,0.01,BUY
22:13:37,91378.9,0.01,BUY
22:13:37,91378.9,0.01,BUY
22:13:37,91378.9,0.01,BUY
22:13:37,91378.9,0.01,BUY
22:13:37,91378.9,0.01,BUY
22:13:37,91378.9,0.01,BUY
22:13:37,91378.9,0.01,BUY
22:13:37,91378.9,0.01,BUY
22:13:37,91378.9,0.01,BUY
22:13:37,91378.9,0.01,BUY
22:13:37,91378.9,0.01,BUY
22:13:37,91378.9,0.01,BUY
22:13:37,91378.9,0.01,BUY
22:13:38,91378.9,0.01,BUY
22:13:38,91378.9,0.01,BUY
22:13:38,91378.9,0.01,BUY
22:13:38,91378.9,0.01,BUY
22:13:38,91378.9,0.01,BUY
22:13:38,91378.9,0.01,BUY
22:13:38,91378.9,0.01,BUY
22:13:38,91378.9,0.01,BUY
22:13:38,91378.9,0.01,BUY
22:13:38,91378.9,0.01,BUY
22:13:38,91378.9,0.01,BUY
22:13:38,91378.9,0.01,BUY
22:13:38,91378.9,0.01,BUY
22:13:38,91378.9,0.01,BUY
22:13:38,91378.9,0.01,BUY
22:13:38,91378.9,0.01,BUY
22:13:38,91378.9,0.01,BUY
22:13:38,91378.9,0.01,BUY
22:13:38,91378.9,0.01,BUY
22:13:38,91378.9,0.01,BUY
22:13:39,91378.9,0.01,BUY
22:13:39,91378.9,0.01,BUY
22:13:39,91378.9,0.01,BUY
22:13:39,91378.9,0.01,BUY
22:13:39,91378.9,0.01,BUY
22:13:39,91378.9,0.01,BUY
22:13:39,91378.9,0.01,BUY
22:13:39,91378.9,0.01,BUY
22:13:39,91378.9,0.01,BUY
22:13:39,91378.9,0.01,BUY
22:13:39,91378.9,0.01,BUY
22:13:39,91378.9,0.01,SELL
22:13:39,91378.9,0.01,SELL
22:13:39,91378.9,0.01,SELL
22:13:39,91378.9,0.01,SELL
22:13:39,91378.9,0.01,SELL
22:13:39,91378.9,0.01,SELL
22:13:39,91378.9,0.01,SELL
22:13:39,91378.9,0.01,SELL
22:13:39,91378.9,0.01,SELL
22:13:39,91378.9,0.01,SELL
22:13:39,91378.9,0.01,SELL
22:13:39,91378.9,0.01,SELL
22:13:39,91378.9,0.01,SELL
22:13:39,91378.9,0.01,SELL
22:13:39,91378.9,0.01,SELL
22:13:39,91378.9,0.01,SELL
22:13:39,91378.9,0.01,SELL
22:13:39,91378.9,0.01,SELL
22:13:39,91378.4,0.01,SELL
22:13:39,91377,0.01,SELL
22:13:39,91376.3,0.01,SELL
22:13:39,91376.1,0.01,SELL
22:13:39,91375.7,0.01,SELL
22:13:39,91375.7,0.01,SELL
22:13:39,91375.7,0.01,SELL
22:13:39,91375.7,0.01,SELL
22:13:39,91375.7,0.01,SELL
22:13:39,91375.7,0.01,SELL
22:13:39,91375.7,0.01,SELL
22:13:39,91375.7,0.01,SELL
22:13:39,91375.7,0.01,SELL
22:13:39,91375.7,0.01,SELL
22:13:39,91375.7,0.01,SELL
22:13:39,91375.7,0.01,SELL
22:13:39,91375.7,0.01,SELL
22:13:39,91375.7,0.01,SELL
22:13:39,91372.5,0.01,SELL
22:13:39,91372.5,0.01,SELL
22:13:39,91372.5,0.01,SELL
22:13:39,91372.5,0.01,SELL
22:13:39,91372.5,0.01,SELL
22:13:39,91372.5,0.01,SELL
22:13:39,91372.5,0.01,SELL
22:13:39,91372.5,0.01,SELL
22:13:39,91372.5,0.01,SELL
22:13:39,91372.5,0.01,SELL
22:13:39,91372.5,0.01,SELL
22:13:39,91372.5,0.01,SELL
22:13:39,91372.5,0.01,SELL
22:13:39,91372.5,0.01,SELL
22:13:39,91372.5,0.01,SELL
22:13:39,91371,0.01,SELL
22:13:39,91370.4,0.01,SELL
22:13:39,91370.4,0.01,SELL
22:13:39,91370.4,0.01,SELL
22:13:39,91370.4,0.01,SELL
22:13:39,91370.4,0.01,SELL
22:13:39,91370.4,0.01,SELL
22:13:39,91370.4,0.01,SELL
22:13:39,91370.4,0.01,SELL
22:13:39,91370.4,0.01,SELL
22:13:39,91370.4,0.01,SELL
22:13:39,91370.4,0.01,SELL
22:13:39,91368.3,0.01,SELL
22:13:39,91368.3,0.01,SELL
22:13:39,91368.3,0.01,SELL
22:13:39,91368.3,0.01,SELL
22:13:39,91368.3,0.01,SELL
22:13:39,91368.3,0.01,SELL
22:13:39,91368.3,0.01,SELL
22:13:39,91368.3,0.01,SELL
22:13:39,91368.3,0.01,SELL
22:13:39,91368.3,0.01,SELL
22:13:39,91368.3,0.01,SELL
22:13:39,91368.3,0.01,SELL
22:13:39,91368.3,0.01,SELL
22:13:39,91368.3,0.01,SELL
22:13:39,91368.3,0.01,SELL
22:13:39,91368.3,0.01,SELL
22:13:39,91368.3,0.01,SELL
22:13:39,91368.3,0.01,SELL
22:13:40,91368.3,0.01,SELL
22:13:40,91368.3,0.01,SELL
22:13:40,91368.3,0.01,SELL
22:13:40,91368.3,0.01,SELL
22:13:40,91368.3,0.01,SELL
22:13:40,91368.3,0.01,SELL
22:13:40,91368.3,0.01,SELL
22:13:40,91368.3,0.01,SELL
22:13:40,91368.3,0.01,SELL
22:13:40,91368.3,0.01,SELL
22:13:40,91368.3,0.01,SELL
22:13:40,91368.3,0.01,SELL
22:13:40,91368.3,0.01,SELL
22:13:40,91368.3,0.01,SELL
22:13:40,91368.3,0.01,SELL
22:13:40,91368.3,0.01,SELL
22:13:40,91368.3,0.01,SELL
22:13:40,91368.3,0.01,SELL
22:13:40,91368.3,0.01,SELL
22:13:40,91368.3,0.01,SELL
22:13:40,91368.3,0.01,SELL
22:13:40,91368.3,0.01,SELL
22:13:40,91368.3,0.01,SELL
22:13:40,91368.3,0.01,SELL
22:13:40,91368.3,0.01,SELL
22:13:40,91368.3,0.01,SELL
22:13:40,91368.3,0.01,SELL
22:13:40,91368.3,0.01,SELL
22:13:40,91367.4,0.01,SELL
22:13:40,91367.4,0.01,SELL
22:13:40,91367.4,0.01,SELL
22:13:40,91367.4,0.01,SELL
22:13:40,91367.4,0.01,SELL
22:13:40,91367.4,0.01,SELL
22:13:40,91367.4,0.01,SELL
22:13:40,91367.4,0.01,SELL
22:13:40,91366.5,0.01,SELL
22:13:40,91366.5,0.01,SELL
22:13:40,91366.5,0.01,SELL
22:13:40,91366.5,0.01,SELL
22:13:40,91366.5,0.01,SELL
22:13:40,91366.5,0.01,SELL
22:13:40,91366.4,0.01,SELL
22:13:40,91365,0.01,SELL
22:13:40,91365,0.01,SELL
22:13:40,91365,0.01,SELL
22:13:40,91365,0.01,SELL
22:13:40,91365,0.01,SELL
22:13:40,91365,0.01,SELL
22:13:40,91365,0.01,SELL
22:13:40,91363.4,0.01,SELL
22:13:40,91363.4,0.01,SELL
22:13:40,91363.4,0.01,SELL
22:13:40,91363.4,0.01,SELL
22:13:40,91363.4,0.01,SELL
22:13:40,91363.4,0.01,SELL
22:13:40,91363.4,0.01,SELL
22:13:41,91363.4,0.01,SELL
22:13:41,91363.4,0.01,SELL
22:13:41,91363.4,0.01,SELL
22:13:41,91363.4,0.01,SELL
22:13:41,91363.4,0.01,SELL
22:13:41,91363.4,0.01,SELL
22:13:41,91363.4,0.01,SELL
22:13:41,91363.4,0.01,SELL
22:13:41,91363.4,0.01,SELL
22:13:41,91363.4,0.01,SELL
22:13:41,91363.4,0.01,SELL
22:13:41,91363.4,0.01,SELL
22:13:41,91363.4,0.01,SELL
22:13:41,91363.4,0.01,SELL
22:13:41,91363.4,0.01,SELL
22:13:41,91363.4,0.01,SELL
22:13:41,91363.4,0.01,SELL
22:13:41,91363.4,0.01,SELL
22:13:41,91363.4,0.01,SELL
22:13:41,91363.4,0.01,SELL
22:13:41,91363.4,0.01,SELL
22:13:41,91363.4,0.01,SELL
22:13:41,91363.4,0.01,SELL
22:13:41,91363.4,0.01,SELL
22:13:41,91363.4,0.01,SELL
22:13:41,91363.4,0.01,SELL
22:13:41,91363.4,0.01,SELL
22:13:41,91363.4,0.01,SELL
22:13:41,91363.4,0.01,SELL
22:13:41,91363.4,0.01,SELL
22:13:41,91363.4,0.01,SELL
22:13:41,91363.4,0.01,SELL
22:13:41,91363.4,0.01,SELL
22:13:41,91363.4,0.01,SELL
22:13:41,91363.4,0.01,SELL
22:13:41,91363.4,0.01,SELL
22:13:41,91363.4,0.01,SELL
22:13:41,91363.4,0.01,SELL
22:13:41,91363.4,0.01,SELL
22:13:41,91363.4,0.01,SELL
22:13:41,91363.4,0.01,SELL
22:13:41,91363.4,0.01,SELL
22:13:41,91363.4,0.01,SELL
22:13:41,91363.4,0.01,SELL
22:13:41,91363.4,0.01,SELL
22:13:41,91363.4,0.01,SELL
22:13:41,91363.4,0.01,SELL
22:13:41,91363.4,0.01,SELL
22:13:41,91363.4,0.01,SELL
22:13:41,91363.4,0.01,SELL
22:13:41,91363.4,0.01,SELL
22:13:41,91363.4,0.01,SELL
22:13:42,91361.7,0.01,SELL
22:13:42,91361.1,0.01,SELL
22:13:42,91361.1,0.01,SELL
22:13:42,91361.1,0.01,SELL
22:13:42,91361.1,0.01,SELL
22:13:42,91361.1,0.01,SELL
22:13:42,91361.1,0.01,SELL
22:13:42,91361.1,0.01,SELL
22:13:42,91361.1,0.01,SELL
22:13:42,91361.1,0.01,SELL
22:13:42,91361.1,0.01,SELL
22:13:42,91361.1,0.01,SELL
22:13:42,91361.1,0.01,SELL
22:13:42,91358.9,0.01,SELL
22:13:42,91358.9,0.01,SELL
22:13:42,91358.9,0.01,SELL
22:13:42,91358.9,0.01,SELL
22:13:42,91358.9,0.01,SELL
22:13:42,91358.9,0.01,SELL
22:13:42,91358.9,0.01,SELL
22:13:42,91358.9,0.01,SELL
22:13:42,91358.9,0.01,SELL
22:13:42,91358.9,0.01,SELL
22:13:42,91358.9,0.01,SELL
22:13:42,91358.9,0.01,SELL
22:13:42,91358.9,0.01,SELL
22:13:42,91358.9,0.01,SELL
22:13:42,91358.9,0.01,SELL
22:13:42,91358.9,0.01,SELL
22:13:42,91358.9,0.01,SELL
22:13:42,91358.9,0.01,SELL
22:13:42,91358.9,0.01,SELL
22:13:42,91358.9,0.01,SELL
22:13:42,91358.9,0.01,SELL
22:13:42,91358.9,0.01,SELL
22:13:42,91358.9,0.01,SELL
22:13:42,91358.9,0.01,SELL
22:13:42,91358.9,0.01,SELL
22:13:42,91358.9,0.01,SELL
22:13:42,91358.9,0.01,SELL
22:13:42,91358.9,0.01,SELL
22:13:42,91358.9,0.01,SELL
22:13:42,91358.9,0.01,SELL
22:13:42,91358.9,0.01,SELL
22:13:42,91358.9,0.01,SELL
22:13:42,91358.9,0.01,SELL
22:13:42,91358.9,0.01,SELL
22:13:42,91358.9,0.01,SELL
22:13:42,91358.9,0.01,SELL
22:13:42,91358.9,0.01,SELL
22:13:42,91358.9,0.01,SELL
22:13:42,91358.9,0.01,SELL
22:13:42,91358.9,0.01,SELL
22:13:42,91358.9,0.01,SELL
22:13:42,91358.9,0.01,SELL
22:13:42,91358.9,0.01,SELL
22:13:42,91358.9,0.01,SELL
22:13:42,91358.9,0.01,SELL
22:13:42,91358.9,0.01,SELL
22:13:42,91358.9,0.01,SELL
22:13:42,91358.9,0.01,SELL
22:13:42,91358.9,0.01,SELL
22:13:42,91358.9,0.01,SELL
22:13:42,91358.9,0.01,SELL
22:13:43,91358.9,0.01,SELL
22:13:43,91358.9,0.01,SELL
22:13:43,91358.9,0.01,SELL
22:13:43,91358.9,0.01,SELL
22:13:43,91358.9,0.01,SELL
22:13:43,91358.9,0.01,SELL
22:13:43,91358.9,0.01,SELL
22:13:43,91358.9,0.01,SELL
22:13:43,91358.9,0.01,SELL
22:13:43,91358.9,0.01,SELL
22:13:43,91358.9,0.01,SELL
22:13:43,91358.9,0.01,SELL
22:13:43,91358.9,0.01,SELL
22:13:43,91358.9,0.01,SELL
22:13:43,91358.9,0.01,SELL
22:13:43,91358.9,0.01,SELL
22:13:43,91358.9,0.01,SELL
22:13:43,91358.9,0.01,SELL
22:13:43,91358.9,0.01,SELL
22:13:43,91358.9,0.01,SELL
22:13:43,91358.9,0.01,SELL
22:13:43,91358.9,0.01,SELL
22:13:43,91358.9,0.01,SELL
22:13:43,91358.9,0.01,SELL
22:13:43,91358.9,0.01,SELL
22:13:43,91358.9,0.01,SELL
22:13:43,91358.9,0.01,SELL
22:13:44,91358.9,0.01,SELL
22:13:44,91358.9,0.01,SELL
22:13:44,91358.9,0.01,SELL
22:13:44,91358.9,0.01,SELL
22:13:44,91358.9,0.01,SELL
22:13:44,91358.9,0.01,SELL
22:13:44,91358.9,0.01,SELL
22:13:44,91358.9,0.01,SELL
22:13:44,91358.9,0.01,SELL
22:13:44,91358.9,0.01,SELL
22:13:44,91358.9,0.01,SELL
22:13:44,91358.9,0.01,SELL
22:13:44,91358.9,0.01,SELL
22:13:44,91358.9,0.01,SELL
22:13:44,91358.9,0.01,SELL
22:13:44,91358.9,0.01,SELL
22:13:44,91358.9,0.01,SELL
22:13:44,91358.9,0.01,SELL
22:13:44,91358.9,0.01,SELL
22:13:44,91358.9,0.01,SELL
22:13:44,91358.9,0.01,SELL
22:13:44,91358.9,0.01,SELL
22:13:44,91358.9,0.01,SELL
22:13:44,91358.9,0.01,SELL
22:13:44,91358.9,0.01,SELL
22:13:44,91358.9,0.01,SELL
22:13:44,91358.9,0.01,SELL
22:13:44,91358.9,0.01,SELL
22:13:44,91358.9,0.01,SELL
22:13:44,91358.9,0.01,SELL
22:13:44,91358.9,0.01,SELL
22:13:44,91358.9,0.01,SELL
22:13:45,91358.9,0.01,SELL
22:13:45,91358.9,0.01,SELL
22:13:45,91358.9,0.01,SELL
22:13:45,91358.9,0.01,SELL
22:13:45,91358.9,0.01,SELL
22:13:45,91358.9,0.01,SELL
22:13:45,91358.9,0.01,SELL
22:13:45,91358.9,0.01,SELL
22:13:45,91358.9,0.01,SELL
22:13:45,91358.9,0.01,SELL
22:13:45,91358.9,0.01,SELL
22:13:45,91358.9,0.01,SELL
22:13:45,91358.9,0.01,SELL
22:13:45,91358.9,0.01,SELL
22:13:45,91358.9,0.01,SELL
22:13:45,91358.9,0.01,SELL
22:13:45,91358.9,0.01,SELL
22:13:45,91358.9,0.01,SELL
22:13:45,91358.9,0.01,SELL
22:13:45,91358.9,0.01,SELL
22:13:45,91358.9,0.01,SELL
22:13:45,91358.9,0.01,SELL
22:13:45,91358.9,0.01,SELL
22:13:45,91358.9,0.01,SELL
22:13:45,91358.9,0.01,SELL
22:13:45,91358.9,0.01,SELL
22:13:45,91358.9,0.01,SELL
22:13:45,91358.9,0.01,SELL
22:13:45,91358.9,0.01,SELL
22:13:46,91358.9,0.01,SELL
22:13:46,91358.9,0.01,SELL
22:13:46,91358.9,0.01,SELL
22:13:46,91358.9,0.01,SELL
22:13:46,91358.9,0.01,SELL
22:13:46,91358.9,0.01,SELL
22:13:46,91358.9,0.01,SELL
22:13:46,91358.9,0.01,SELL
22:13:46,91358.9,0.01,SELL
22:13:46,91358.9,0.01,SELL
22:13:46,91358.9,0.01,SELL
22:13:46,91358.9,0.01,SELL
22:13:46,91358.9,0.01,SELL
22:13:46,91358.9,0.01,SELL
22:13:46,91358.9,0.01,SELL
22:13:46,91358.9,0.01,SELL
22:13:46,91358.9,0.01,SELL
22:13:46,91358.9,0.01,SELL
22:13:46,91358.9,0.01,SELL
22:13:47,91358.9,0.01,SELL
22:13:47,91358.9,0.01,SELL
22:13:47,91358.9,0.01,SELL
22:13:47,91358.9,0.01,SELL
22:13:47,91358.9,0.01,SELL
22:13:47,91358.9,0.01,SELL
22:13:47,91358.9,0.01,SELL
22:13:47,91358.9,0.01,SELL
22:13:47,91358.9,0.01,SELL
22:13:48,91358.9,0.01,SELL
22:13:48,91358.9,0.01,SELL
22:13:48,91358.9,0.01,SELL
22:13:48,91358.9,0.01,SELL
22:13:48,91358.9,0.01,SELL
22:13:48,91358.9,0.01,SELL
22:13:48,91358.9,0.01,SELL
22:13:48,91358.9,0.01,SELL
22:13:48,91358.9,0.01,SELL
22:13:48,91358.9,0.01,SELL
22:13:48,91358.9,0.01,SELL
22:13:48,91358.9,0.01,SELL
22:13:48,91358.9,0.01,SELL
22:13:48,91358.9,0.01,SELL
22:13:49,91358.9,0.01,SELL
22:13:49,91358.9,0.01,SELL
22:13:49,91358.9,0.01,SELL
22:13:49,91358.9,0.01,SELL
22:13:49,91358.9,0.01,SELL
22:13:49,91358.9,0.01,SELL
22:13:49,91358.9,0.01,SELL
22:13:49,91358.9,0.01,SELL
22:13:49,91358.9,0.01,SELL
22:13:49,91358.9,0.01,SELL
22:13:49,91358.9,0.01,SELL
22:13:49,91358.9,0.01,SELL
22:13:49,91358.9,0.01,SELL
22:13:49,91358.9,0.01,SELL
22:13:49,91358.9,0.01,SELL
22:13:49,91358.9,0.01,SELL
22:13:49,91358.9,0.01,SELL
22:13:49,91358.9,0.01,SELL
22:13:49,91358.9,0.01,SELL
22:13:49,91358.9,0.01,SELL
22:13:49,91358.9,0.01,SELL
22:13:49,91358.9,0.01,SELL
22:13:50,91358.9,0.01,SELL
22:13:50,91358.9,0.01,SELL
22:13:50,91358.9,0.01,SELL
22:13:50,91358.9,0.01,SELL
22:13:50,91358.9,0.01,SELL
22:13:50,91358.9,0.01,SELL
22:13:50,91358.9,0.01,SELL
22:13:50,91358.9,0.01,SELL
22:13:50,91358.9,0.01,SELL
22:13:50,91358.9,0.01,SELL
22:13:50,91358.9,0.01,SELL
22:13:50,91358.9,0.01,SELL
22:13:50,91358.9,0.01,SELL
22:13:50,91358.9,0.01,SELL
22:13:50,91358.9,0.01,SELL
22:13:50,91358.9,0.01,BUY
22:13:50,91358.9,0.01,BUY
22:13:50,91358.9,0.01,BUY
22:13:50,91358.9,0.01,BUY
22:13:50,91358.9,0.01,BUY
22:13:50,91358.9,0.01,BUY
22:13:50,91358.9,0.01,BUY
22:13:50,91358.9,0.01,BUY
22:13:50,91358.9,0.01,BUY
22:13:50,91358.9,0.01,BUY
22:13:50,91358.9,0.01,BUY
22:13:50,91358.9,0.01,BUY
22:13:50,91358.9,0.01,BUY
22:13:51,91358.9,0.01,BUY
22:13:51,91358.9,0.01,BUY
22:13:51,91358.9,0.01,BUY
22:13:51,91358.9,0.01,BUY
22:13:51,91358.9,0.01,BUY
22:13:51,91358.9,0.01,BUY
22:13:51,91358.9,0.01,BUY
22:13:51,91358.9,0.01,BUY
22:13:51,91358.9,0.01,BUY
22:13:51,91358.9,0.01,BUY
22:13:51,91358.9,0.01,BUY
22:13:51,91358.9,0.01,BUY
22:13:51,91358.9,0.01,BUY
22:13:51,91358.9,0.01,BUY
22:13:51,91358.9,0.01,BUY
22:13:51,91358.9,0.01,BUY
22:13:51,91358.9,0.01,BUY
22:13:51,91358.9,0.01,BUY
22:13:51,91358.9,0.01,BUY
22:13:51,91358.9,0.01,BUY
22:13:52,91358.9,0.01,BUY
22:13:52,91358.9,0.01,BUY
22:13:52,91358.9,0.01,BUY
22:13:52,91358.9,0.01,BUY
22:13:52,91358.9,0.01,BUY
22:13:52,91358.9,0.01,BUY
22:13:52,91358.9,0.01,BUY
22:13:52,91358.9,0.01,BUY
22:13:52,91358.9,0.01,BUY
22:13:52,91358.9,0.01,BUY
22:13:52,91358.9,0.01,BUY
22:13:52,91358.9,0.01,BUY
22:13:52,91358.9,0.01,BUY
22:13:52,91358.9,0.01,BUY
22:13:52,91358.9,0.01,BUY
22:13:52,91358.9,0.01,BUY
22:13:52,91358.9,0.01,BUY
22:13:52,91358.9,0.01,BUY
22:13:52,91358.9,0.01,BUY
22:13:52,91358.9,0.01,BUY
22:13:52,91358.9,0.01,BUY
22:13:52,91358.9,0.01,BUY
22:13:52,91358.9,0.01,BUY
22:13:52,91358.9,0.01,BUY
22:13:52,91358.9,0.01,BUY
22:13:52,91358.9,0.01,BUY
22:13:52,91358.9,0.01,BUY
22:13:52,91358.9,0.01,BUY
22:13:52,91358.9,0.01,BUY
22:13:52,91358.9,0.01,BUY
22:13:52,91358.9,0.01,BUY
22:13:52,91358.9,0.01,BUY
22:13:52,91358.9,0.01,BUY
22:13:52,91358.9,0.01,BUY
22:13:52,91358.9,0.01,BUY
22:13:52,91358.9,0.01,BUY
22:13:52,91358.9,0.01,BUY
22:13:52,91358.9,0.01,BUY
22:13:52,91358.9,0.01,BUY
22:13:52,91360.6,0.01,BUY
22:13:52,91362.6,0.01,BUY
22:13:52,91368,0.01,BUY
22:13:52,91368,0.01,BUY
22:13:52,91368,0.01,BUY
22:13:52,91368,0.01,BUY
22:13:52,91368,0.01,BUY
22:13:52,91368,0.01,BUY
22:13:52,91368,0.01,BUY
22:13:52,91368,0.01,BUY
22:13:52,91368,0.01,BUY
22:13:52,91368,0.01,BUY
22:13:52,91368,0.01,BUY
22:13:52,91368,0.01,BUY
22:13:52,91368,0.01,BUY
22:13:52,91368,0.01,BUY
22:13:52,91368,0.01,BUY
22:13:52,91368,0.01,BUY
22:13:52,91368,0.01,BUY
22:13:52,91368,0.01,BUY
22:13:52,91368,0.01,BUY
22:13:52,91368,0.01,BUY
22:13:52,91368,0.01,BUY
22:13:52,91368,0.01,SELL
22:13:52,91368,0.01,SELL
22:13:52,91368,0.01,SELL
22:13:52,91368,0.01,SELL
22:13:52,91368,0.01,SELL
22:13:52,91368,0.01,SELL
22:13:52,91368,0.01,SELL
22:13:52,91368,0.01,SELL
22:13:52,91368,0.01,SELL
22:13:52,91368,0.01,SELL
22:13:52,91368,0.01,SELL
22:13:52,91368,0.01,SELL
22:13:52,91368,0.01,SELL
22:13:52,91368,0.01,SELL
22:13:52,91368.9,0.01,BUY
22:13:52,91369.5,0.01,BUY
22:13:52,91369.8,0.01,SELL
22:13:52,91369.8,0.01,BUY
22:13:52,91369.8,0.01,BUY
22:13:52,91369.8,0.01,BUY
22:13:52,91369.8,0.01,BUY
22:13:52,91369.8,0.01,BUY
22:13:52,91369.8,0.01,BUY
22:13:52,91369.8,0.01,BUY
22:13:52,91369.8,0.01,BUY
22:13:52,91369.8,0.01,BUY
22:13:52,91369.8,0.01,BUY
22:13:52,91369.8,0.01,BUY
22:13:52,91369.8,0.01,BUY
22:13:52,91369.8,0.01,BUY
22:13:52,91369.8,0.01,BUY
22:13:52,91369.8,0.01,BUY
22:13:52,91369.8,0.01,BUY
22:13:52,91369.8,0.01,BUY
22:13:52,91369.8,0.01,BUY
22:13:52,91369.8,0.01,BUY
22:13:52,91369.8,0.01,BUY
22:13:52,91369.8,0.01,BUY
22:13:53,91369.8,0.01,BUY
22:13:53,91369.8,0.01,BUY
22:13:53,91369.8,0.01,BUY
22:13:53,91371.7,0.01,BUY
22:13:53,91371.7,0.01,BUY
22:13:53,91371.7,0.01,BUY
22:13:53,91371.7,0.01,BUY
22:13:53,91371.7,0.01,BUY
22:13:53,91371.7,0.01,BUY
22:13:53,91371.7,0.01,BUY
22:13:53,91371.7,0.01,BUY
22:13:53,91371.7,0.01,BUY
22:13:53,91371.7,0.01,BUY
22:13:53,91371.7,0.01,BUY
22:13:53,91371.7,0.01,BUY
22:13:53,91371.7,0.01,BUY
22:13:53,91371.7,0.01,BUY
22:13:53,91371.7,0.01,BUY
22:13:53,91371.7,0.01,BUY
22:13:53,91371.7,0.01,BUY
22:13:53,91372.3,0.01,BUY
22:13:53,91373.8,0.01,BUY
22:13:53,91374.8,0.01,BUY
22:13:53,91378.7,0.01,BUY
22:13:53,91378.7,0.01,BUY
22:13:53,91378.7,0.01,BUY
22:13:53,91378.7,0.01,BUY
22:13:53,91378.7,0.01,BUY
22:13:53,91378.7,0.01,BUY
22:13:53,91378.7,0.01,BUY
22:13:53,91378.7,0.01,BUY
22:13:53,91378.7,0.01,BUY
22:13:53,91378.7,0.01,BUY
22:13:53,91378.7,0.01,BUY
22:13:53,91378.7,0.01,BUY
22:13:53,91378.7,0.01,BUY
22:13:53,91378.7,0.01,BUY
22:13:53,91378.7,0.01,BUY
22:13:53,91378.7,0.01,BUY
22:13:53,91378.7,0.01,BUY
22:13:53,91378.7,0.01,BUY
22:13:53,91378.7,0.01,BUY
22:13:53,91378.8,0.01,BUY
22:13:53,91378.8,0.01,BUY
22:13:53,91378.8,0.01,BUY
22:13:53,91378.8,0.01,BUY
22:13:53,91378.8,0.01,BUY
22:13:53,91378.8,0.01,BUY
22:13:53,91378.8,0.01,BUY
22:13:53,91378.8,0.01,BUY
22:13:53,91378.8,0.01,BUY
22:13:53,91378.8,0.01,BUY
22:13:53,91378.8,0.01,BUY
22:13:53,91379.4,0.01,BUY
22:13:53,91379.4,0.01,BUY
22:13:53,91379.4,0.01,BUY
22:13:53,91379.4,0.01,BUY
22:13:53,91379.4,0.01,BUY
22:13:53,91379.4,0.01,BUY
22:13:53,91379.4,0.01,BUY
22:13:53,91379.4,0.01,BUY
22:13:53,91379.4,0.01,BUY
22:13:53,91379.4,0.01,BUY
22:13:53,91379.4,0.01,BUY
22:13:53,91379.4,0.01,BUY
22:13:53,91379.4,0.01,BUY
22:13:53,91379.4,0.01,BUY
22:13:53,91379.4,0.01,BUY
22:13:53,91379.4,0.01,BUY
22:13:53,91379.4,0.01,BUY
22:13:53,91379.4,0.01,BUY
22:13:53,91379.4,0.01,BUY
22:13:53,91379.4,0.01,BUY
22:13:53,91379.4,0.01,BUY
22:13:53,91379.4,0.01,BUY
22:13:53,91380,0.01,BUY
22:13:53,91380,0.01,BUY
22:13:53,91380,0.01,BUY
22:13:53,91380,0.01,BUY
22:13:53,91380,0.01,BUY
22:13:53,91380,0.01,BUY
22:13:53,91380,0.01,BUY
22:13:53,91380,0.01,BUY
22:13:53,91380,0.01,BUY
22:13:53,91380,0.01,BUY
22:13:53,91380,0.01,BUY
22:13:53,91380,0.01,BUY
22:13:53,91380,0.01,BUY
22:13:53,91380,0.01,BUY
22:13:53,91380,0.01,BUY
22:13:53,91380,0.01,BUY
22:13:53,91380,0.01,BUY
22:13:53,91380.5,0.01,BUY
22:13:53,91382,0.01,BUY
22:13:53,91383.1,0.01,BUY
22:13:53,91383.1,0.01,BUY
22:13:53,91383.1,0.01,BUY
22:13:53,91383.1,0.01,BUY
22:13:53,91383.1,0.01,BUY
22:13:53,91383.1,0.01,BUY
22:13:53,91383.1,0.01,BUY
22:13:53,91383.1,0.01,BUY
22:13:53,91383.1,0.01,BUY
22:13:53,91383.1,0.01,BUY
22:13:53,91383.1,0.01,BUY
22:13:53,91383.1,0.01,BUY
22:13:53,91383.1,0.01,BUY
22:13:53,91383.1,0.01,BUY
22:13:53,91383.1,0.01,BUY
22:13:53,91383.1,0.01,BUY
22:13:53,91383.1,0.01,BUY
22:13:53,91383.1,0.01,BUY
22:13:53,91383.1,0.01,BUY
22:13:53,91383.1,0.01,BUY
22:13:53,91383.1,0.01,BUY
22:13:53,91383.1,0.01,BUY
22:13:53,91383.1,0.01,BUY
22:13:53,91383.1,0.01,BUY
22:13:53,91383.1,0.01,BUY
22:13:53,91383.1,0.01,BUY
22:13:53,91383.1,0.01,BUY
22:13:53,91383.1,0.01,BUY
22:13:53,91383.1,0.01,BUY
22:13:53,91383.1,0.01,BUY
22:13:53,91383.1,0.01,BUY
22:13:53,91383.1,0.01,BUY
22:13:53,91386.3,0.01,BUY
22:13:53,91386.3,0.01,BUY
22:13:53,91386.3,0.01,BUY
22:13:53,91386.3,0.01,BUY
22:13:53,91386.3,0.01,BUY
22:13:53,91386.3,0.01,BUY
22:13:53,91386.3,0.01,BUY
22:13:53,91386.3,0.01,BUY
22:13:53,91386.3,0.01,BUY
22:13:53,91386.3,0.01,BUY
22:13:53,91386.3,0.01,BUY
22:13:53,91386.3,0.01,BUY
22:13:53,91386.3,0.01,BUY
22:13:53,91386.3,0.01,BUY
22:13:53,91386.3,0.01,BUY
22:13:53,91386.3,0.01,BUY
22:13:53,91386.3,0.01,BUY
22:13:53,91386.3,0.01,BUY
22:13:53,91386.3,0.01,BUY
22:13:53,91386.3,0.01,BUY
22:13:53,91386.3,0.01,BUY
22:13:53,91386.3,0.01,BUY
22:13:53,91386.3,0.01,BUY
22:13:53,91386.3,0.01,BUY
22:13:53,91386.3,0.01,BUY
22:13:53,91386.3,0.01,BUY
22:13:53,91386.3,0.01,BUY
22:13:53,91386.3,0.01,BUY
22:13:53,91386.3,0.01,BUY
22:13:53,91386.3,0.01,BUY
22:13:53,91386.3,0.01,BUY
22:13:53,91386.3,0.01,BUY
22:13:53,91386.3,0.01,BUY
22:13:53,91386.3,0.01,BUY
22:13:53,91386.3,0.01,BUY
22:13:53,91386.3,0.01,BUY
22:13:53,91386.3,0.01,BUY
22:13:53,91386.3,0.01,BUY
22:13:53,91386.3,0.01,BUY
22:13:53,91386.3,0.01,BUY
22:13:53,91386.3,0.01,BUY
22:13:53,91386.3,0.01,BUY
22:13:53,91386.3,0.01,BUY
22:13:53,91386.3,0.01,BUY
22:13:53,91386.3,0.01,BUY
22:13:53,91386.3,0.01,BUY
22:13:53,91386.3,0.01,BUY
22:13:53,91386.3,0.01,BUY
22:13:53,91386.3,0.01,BUY
22:13:53,91386.3,0.01,BUY
22:13:53,91386.3,0.01,BUY
22:13:53,91386.8,0.01,BUY
22:13:53,91388.6,0.01,BUY
22:13:53,91389.5,0.01,BUY
22:13:53,91390.3,0.01,BUY
22:13:53,91391.1,0.01,BUY
22:13:53,91392.1,0.01,BUY
22:13:53,91392.7,0.01,BUY
22:13:53,91393.1,0.01,BUY
22:13:53,91393.1,0.01,BUY
22:13:53,91393.1,0.01,BUY
22:13:53,91393.1,0.01,BUY
22:13:53,91393.1,0.01,BUY
22:13:53,91393.1,0.01,BUY
22:13:53,91393.1,0.01,BUY
22:13:53,91393.1,0.01,BUY
22:13:53,91393.1,0.01,BUY
22:13:53,91393.1,0.01,BUY
22:13:53,91393.1,0.01,BUY
22:13:53,91393.1,0.01,BUY
22:13:53,91393.1,0.01,BUY
22:13:53,91393.1,0.01,BUY
22:13:53,91393.1,0.01,BUY
22:13:53,91393.1,0.01,BUY
22:13:53,91393.1,0.01,BUY
22:13:53,91393.1,0.01,BUY
22:13:53,91393.1,0.01,BUY
22:13:53,91393.1,0.01,BUY
22:13:53,91393.1,0.01,BUY
22:13:53,91393.1,0.01,BUY
22:13:53,91393.1,0.01,BUY
22:13:53,91393.1,0.01,BUY
22:13:53,91393.1,0.01,BUY
22:13:53,91393.1,0.01,BUY
22:13:53,91393.1,0.01,BUY
22:13:53,91393.1,0.01,BUY
22:13:53,91393.1,0.01,BUY
22:13:53,91393.1,0.01,BUY
22:13:53,91393.1,0.01,BUY
22:13:53,91393.1,0.01,BUY
22:13:53,91393.1,0.01,BUY
22:13:53,91393.1,0.01,BUY
22:13:53,91393.1,0.01,BUY
22:13:53,91393.1,0.01,BUY
22:13:53,91393.1,0.01,BUY
22:13:53,91393.1,0.01,BUY
22:13:53,91393.1,0.01,BUY
22:13:53,91393.1,0.01,BUY
22:13:53,91393.1,0.01,BUY
22:13:53,91393.1,0.01,BUY
22:13:53,91393.1,0.01,BUY
22:13:53,91393.1,0.01,BUY
22:13:53,91400,0.01,BUY
22:13:53,91400,0.01,BUY
22:13:53,91400,0.01,BUY
22:13:53,91400,0.01,BUY
22:13:53,91400,0.01,BUY
22:13:53,91400,0.01,BUY
22:13:53,91400,0.01,BUY
22:13:53,91400,0.01,BUY
22:13:53,91400,0.01,BUY
22:13:53,91400,0.01,BUY
22:13:53,91400,0.01,BUY
22:13:53,91400,0.01,BUY
22:13:53,91400,0.01,BUY
22:13:53,91400,0.01,BUY
22:13:53,91400,0.01,BUY
22:13:53,91400,0.01,BUY
22:13:53,91400,0.01,BUY
22:13:53,91400,0.01,BUY
22:13:53,91400,0.01,BUY
22:13:53,91400,0.01,BUY
22:13:53,91400,0.01,BUY
22:13:53,91400,0.01,BUY
22:13:53,91400,0.01,BUY
22:13:53,91401,0.01,BUY
22:13:53,91402.1,0.01,BUY
22:13:53,91403,0.01,BUY
22:13:53,91403.8,0.01,BUY
22:13:53,91405,0.01,BUY
22:13:53,91406,0.01,BUY
22:13:53,91406,0.01,BUY
22:13:53,91406,0.01,BUY
22:13:53,91406,0.01,BUY
22:13:53,91406,0.01,BUY
22:13:53,91406,0.01,BUY
22:13:53,91406,0.01,BUY
22:13:53,91406,0.01,BUY
22:13:53,91406,0.01,BUY
22:13:53,91406,0.01,BUY
22:13:53,91406,0.01,BUY
22:13:53,91406,0.01,BUY
22:13:53,91406,0.01,BUY
22:13:53,91406,0.01,BUY
22:13:53,91406,0.01,BUY
22:13:53,91406,0.01,BUY
22:13:53,91406,0.01,BUY
22:13:53,91406,0.01,BUY
22:13:53,91406,0.01,BUY
22:13:53,91406,0.01,BUY
22:13:53,91406,0.01,BUY
22:13:53,91406,0.01,BUY
22:13:53,91406,0.01,BUY
22:13:53,91412,0.01,BUY
22:13:53,91412,0.01,BUY
22:13:53,91412,0.01,BUY
22:13:53,91412,0.01,BUY
22:13:53,91412,0.01,BUY
22:13:53,91412,0.01,BUY
22:13:53,91412,0.01,BUY
22:13:53,91412,0.01,BUY
22:13:53,91412,0.01,BUY
22:13:53,91412,0.01,BUY
22:13:53,91412,0.01,BUY
22:13:53,91412,0.01,BUY
22:13:53,91412,0.01,BUY
22:13:53,91412,0.01,BUY
22:13:53,91412,0.01,BUY
22:13:53,91412,0.01,BUY
22:13:53,91412,0.01,BUY
22:13:53,91412,0.01,BUY
22:13:53,91412,0.01,BUY
22:13:53,91412,0.01,BUY
22:13:53,91412,0.01,BUY
22:13:53,91412,0.01,BUY
22:13:53,91412,0.01,BUY
22:13:53,91412,0.01,BUY
22:13:53,91412,0.01,BUY
22:13:53,91412,0.01,BUY
22:13:53,91412,0.01,BUY
22:13:53,91412,0.01,BUY
22:13:53,91412,0.01,BUY
22:13:53,91412,0.01,BUY
22:13:53,91412,0.01,BUY
22:13:53,91412,0.01,BUY
22:13:53,91412,0.01,BUY
22:13:53,91412,0.01,BUY
22:13:53,91412,0.01,BUY
22:13:53,91412,0.01,BUY
22:13:53,91412,0.01,BUY
22:13:53,91412,0.01,BUY
22:13:53,91412,0.01,BUY
22:13:53,91412,0.01,BUY
22:13:53,91412,0.01,BUY
22:13:53,91412,0.01,BUY
22:13:53,91412,0.01,BUY
22:13:53,91412,0.01,BUY
22:13:53,91412,0.01,BUY
22:13:53,91412,0.01,BUY
22:13:53,91412,0.01,BUY
22:13:54,91412,0.01,BUY
22:13:54,91412,0.01,BUY
22:13:54,91412,0.01,BUY
22:13:54,91412,0.01,BUY
22:13:54,91412,0.01,BUY
22:13:54,91412,0.01,BUY
22:13:54,91412,0.01,BUY
22:13:54,91412,0.01,BUY
22:13:54,91412,0.01,BUY
22:13:54,91412,0.01,BUY
22:13:54,91412,0.01,BUY
22:13:54,91412,0.01,BUY
22:13:54,91412,0.01,BUY
22:13:54,91412,0.01,BUY
22:13:54,91412,0.01,BUY
22:13:54,91412,0.01,BUY
22:13:54,91412,0.01,BUY
22:13:54,91412.7,0.01,BUY
22:13:54,91413.8,0.01,BUY
22:13:54,91415.1,0.01,BUY
22:13:54,91416.6,0.01,BUY
22:13:54,91417.3,0.01,BUY
22:13:54,91417.3,0.01,BUY
22:13:54,91417.3,0.01,BUY
22:13:54,91417.3,0.01,BUY
22:13:54,91417.3,0.01,BUY
22:13:54,91417.3,0.01,BUY
22:13:54,91417.3,0.01,BUY
22:13:54,91417.3,0.01,BUY
22:13:54,91417.3,0.01,BUY
22:13:54,91417.3,0.01,BUY
22:13:54,91417.3,0.01,BUY
22:13:54,91417.3,0.01,BUY
22:13:54,91417.3,0.01,BUY
22:13:54,91417.3,0.01,BUY
22:13:54,91417.3,0.01,BUY
22:13:54,91417.3,0.01,BUY
22:13:54,91417.3,0.01,BUY
22:13:54,91417.3,0.01,BUY
22:13:54,91417.3,0.01,BUY
22:13:54,91417.3,0.01,BUY
22:13:54,91417.3,0.01,BUY
22:13:54,91417.3,0.01,BUY
22:13:54,91422.6,0.01,BUY
22:13:54,91422.6,0.01,BUY
22:13:54,91422.6,0.01,BUY
22:13:54,91422.6,0.01,BUY
22:13:54,91422.6,0.01,BUY
22:13:54,91422.6,0.01,BUY
22:13:54,91422.6,0.01,BUY
22:13:54,91422.6,0.01,BUY
22:13:54,91422.6,0.01,BUY
22:13:54,91422.6,0.01,BUY
22:13:54,91422.6,0.01,BUY
22:13:54,91422.6,0.01,BUY
22:13:54,91422.6,0.01,BUY
22:13:54,91422.6,0.01,BUY
22:13:54,91422.6,0.01,BUY
22:13:54,91422.6,0.01,BUY
22:13:54,91422.6,0.01,BUY
22:13:54,91422.6,0.01,BUY
22:13:54,91422.6,0.01,BUY
22:13:54,91422.6,0.01,BUY
22:13:54,91422.6,0.01,BUY
22:13:54,91422.6,0.01,BUY
22:13:54,91422.6,0.01,BUY
22:13:54,91422.6,0.01,BUY
22:13:54,91422.6,0.01,BUY
22:13:54,91422.6,0.01,BUY
22:13:54,91422.6,0.01,BUY
22:13:54,91422.6,0.01,BUY
22:13:54,91422.6,0.01,BUY
22:13:54,91422.6,0.01,BUY
22:13:54,91422.6,0.01,BUY
22:13:54,91422.6,0.01,BUY
22:13:54,91422.6,0.01,BUY
22:13:54,91422.6,0.01,BUY
22:13:54,91422.6,0.01,BUY
22:13:54,91422.6,0.01,BUY
22:13:54,91422.6,0.01,BUY
22:13:54,91422.6,0.01,BUY
22:13:54,91422.6,0.01,BUY
22:13:54,91422.6,0.01,BUY
22:13:54,91422.6,0.01,BUY
22:13:54,91422.6,0.01,BUY
22:13:54,91422.6,0.01,BUY
22:13:54,91422.6,0.01,BUY
22:13:54,91422.6,0.01,BUY
22:13:54,91422.6,0.01,BUY
22:13:54,91422.6,0.01,BUY
22:13:54,91422.6,0.01,BUY
22:13:54,91422.6,0.01,BUY
22:13:54,91422.6,0.01,BUY
22:13:54,91422.6,0.01,BUY
22:13:54,91422.6,0.01,BUY
22:13:54,91422.6,0.01,BUY
22:13:54,91422.6,0.01,BUY
22:13:54,91422.6,0.01,BUY
22:13:54,91422.6,0.01,BUY
22:13:54,91422.6,0.01,BUY
22:13:54,91422.6,0.01,BUY
22:13:54,91422.6,0.01,BUY
22:13:54,91422.6,0.01,BUY
22:13:54,91422.6,0.01,BUY
22:13:54,91422.6,0.01,BUY
22:13:54,91422.6,0.01,BUY
22:13:54,91422.6,0.01,BUY
22:13:54,91422.6,0.01,BUY
22:13:54,91422.6,0.01,BUY
22:13:54,91422.6,0.01,BUY
22:13:54,91422.6,0.01,BUY
22:13:54,91422.6,0.01,BUY
22:13:54,91422.6,0.01,BUY
22:13:54,91422.6,0.01,BUY
22:13:54,91422.6,0.01,BUY
22:13:54,91422.6,0.01,BUY
22:13:54,91422.6,0.01,BUY
22:13:54,91422.6,0.01,BUY
22:13:54,91422.6,0.01,BUY
22:13:54,91422.6,0.01,BUY
22:13:54,91422.6,0.01,BUY
22:13:54,91422.6,0.01,BUY
22:13:54,91422.6,0.01,BUY
22:13:54,91422.6,0.01,BUY
22:13:54,91422.6,0.01,BUY
22:13:54,91422.6,0.01,BUY
22:13:54,91422.6,0.01,BUY
22:13:54,91422.6,0.01,BUY
22:13:54,91422.6,0.01,BUY
22:13:54,91422.6,0.01,BUY
22:13:54,91422.6,0.01,BUY
22:13:54,91422.6,0.01,BUY
22:13:54,91422.6,0.01,BUY
22:13:54,91422.6,0.01,BUY
22:13:54,91422.6,0.01,BUY
22:13:54,91422.6,0.01,BUY
22:13:54,91422.6,0.01,BUY
22:13:54,91422.6,0.01,BUY
22:13:54,91422.6,0.01,BUY
22:13:54,91422.6,0.01,BUY
22:13:54,91422.6,0.01,BUY
22:13:54,91422.6,0.01,BUY
22:13:54,91422.6,0.01,BUY
22:13:54,91422.6,0.01,BUY
22:13:54,91422.6,0.01,BUY
22:13:54,91422.6,0.01,BUY
22:13:54,91422.6,0.01,BUY
22:13:54,91422.6,0.01,BUY
22:13:54,91422.6,0.01,BUY
22:13:54,91422.6,0.01,BUY
22:13:54,91422.6,0.01,BUY
22:13:54,91422.6,0.01,BUY
22:13:54,91422.6,0.01,BUY
22:13:54,91422.6,0.01,BUY
22:13:54,91422.6,0.01,BUY
22:13:54,91422.6,0.01,BUY
22:13:55,91422.6,0.01,BUY
22:13:55,91422.6,0.01,BUY
22:13:55,91422.6,0.01,BUY
22:13:55,91422.6,0.01,BUY
22:13:55,91422.6,0.01,BUY
22:13:55,91422.6,0.01,BUY
22:13:55,91422.6,0.01,BUY
22:13:55,91422.6,0.01,BUY
22:13:55,91422.6,0.01,BUY
22:13:55,91422.6,0.01,BUY
22:13:55,91422.6,0.01,BUY
22:13:55,91422.6,0.01,BUY
22:13:55,91422.6,0.01,BUY
22:13:55,91422.6,0.01,BUY
22:13:55,91422.6,0.01,BUY
22:13:55,91422.6,0.01,BUY
22:13:55,91422.6,0.01,BUY
22:13:55,91422.6,0.01,BUY
22:13:55,91422.6,0.01,BUY
22:13:55,91422.6,0.01,BUY
22:13:55,91422.6,0.01,BUY
22:13:55,91422.6,0.01,BUY
22:13:55,91422.6,0.01,BUY
22:13:55,91422.6,0.01,BUY
22:13:55,91422.6,0.01,BUY
22:13:55,91422.6,0.01,BUY
22:13:55,91422.6,0.01,BUY
22:13:55,91422.6,0.01,BUY
22:13:55,91422.6,0.01,BUY
22:13:55,91422.6,0.01,BUY
22:13:55,91422.6,0.01,BUY
22:13:55,91422.6,0.01,BUY
22:13:55,91422.6,0.01,BUY
22:13:55,91422.6,0.01,BUY
22:13:55,91422.6,0.01,BUY
22:13:55,91422.6,0.01,BUY
22:13:55,91422.6,0.01,BUY
22:13:55,91422.6,0.01,BUY
22:13:55,91422.6,0.01,BUY
22:13:55,91422.6,0.01,BUY
22:13:56,91422.6,0.01,BUY
22:13:56,91422.6,0.01,BUY
22:13:56,91422.6,0.01,BUY
22:13:56,91422.6,0.01,BUY
22:13:56,91422.6,0.01,BUY
22:13:56,91422.6,0.01,BUY
22:13:56,91422.6,0.01,BUY
22:13:56,91422.6,0.01,BUY
22:13:56,91422.6,0.01,BUY
22:13:56,91422.6,0.01,BUY
22:13:56,91422.6,0.01,BUY
22:13:56,91422.6,0.01,BUY
22:13:56,91422.6,0.01,BUY
22:13:56,91422.6,0.01,BUY
22:13:56,91422.6,0.01,BUY
22:13:56,91422.6,0.01,BUY
22:13:56,91422.6,0.01,BUY
22:13:56,91422.6,0.01,BUY
22:13:56,91422.6,0.01,BUY
22:13:56,91422.6,0.01,BUY
22:13:56,91422.6,0.01,BUY
22:13:56,91423.2,0.01,BUY
22:13:56,91424.3,0.01,BUY
22:13:56,91424.4,0.01,BUY
22:13:56,91424.4,0.01,BUY
22:13:56,91424.4,0.01,BUY
22:13:56,91424.4,0.01,BUY
22:13:56,91424.4,0.01,BUY
22:13:56,91424.4,0.01,BUY
22:13:56,91424.4,0.01,BUY
22:13:56,91424.4,0.01,BUY
22:13:56,91424.4,0.01,BUY
22:13:56,91424.4,0.01,BUY
22:13:56,91424.4,0.01,BUY
22:13:56,91424.4,0.01,BUY
22:13:56,91424.4,0.01,BUY
22:13:56,91424.4,0.01,BUY
22:13:56,91424.4,0.01,BUY
22:13:56,91424.4,0.01,BUY
22:13:56,91424.4,0.01,BUY
22:13:56,91426.3,0.01,BUY
22:13:56,91426.3,0.01,BUY
22:13:56,91426.3,0.01,BUY
22:13:56,91426.3,0.01,BUY
22:13:56,91426.3,0.01,BUY
22:13:56,91426.3,0.01,BUY
22:13:56,91426.3,0.01,BUY
22:13:56,91426.3,0.01,BUY
22:13:56,91426.3,0.01,BUY
22:13:56,91426.3,0.01,BUY
22:13:56,91426.3,0.01,BUY
22:13:56,91426.3,0.01,BUY
22:13:56,91426.3,0.01,BUY
22:13:56,91426.3,0.01,BUY
22:13:56,91426.3,0.01,BUY
22:13:56,91426.3,0.01,BUY
22:13:56,91426.3,0.01,BUY
22:13:56,91426.3,0.01,BUY
22:13:56,91426.3,0.01,BUY
22:13:56,91426.3,0.01,BUY
22:13:56,91426.3,0.01,BUY
22:13:56,91426.3,0.01,BUY
22:13:56,91426.3,0.01,BUY
22:13:57,91426.3,0.01,BUY
22:13:57,91426.3,0.01,BUY
22:13:57,91426.3,0.01,BUY
22:13:57,91426.3,0.01,BUY
22:13:57,91426.3,0.01,BUY
22:13:57,91426.3,0.01,BUY
22:13:57,91426.3,0.01,BUY
22:13:57,91426.3,0.01,BUY
22:13:57,91426.3,0.01,BUY
22:13:57,91426.3,0.01,BUY
22:13:57,91426.3,0.01,BUY
22:13:57,91426.3,0.01,BUY
22:13:57,91426.3,0.01,BUY
22:13:57,91426.3,0.01,BUY
22:13:57,91426.3,0.01,BUY
22:13:57,91426.3,0.01,BUY
22:13:57,91426.3,0.01,BUY
22:13:57,91426.3,0.01,BUY
22:13:57,91426.3,0.01,BUY
22:13:57,91426.3,0.01,BUY
22:13:57,91426.3,0.01,BUY
22:13:57,91426.3,0.01,BUY
22:13:57,91426.9,0.01,BUY
22:13:57,91426.9,0.01,BUY
22:13:57,91426.9,0.01,BUY
22:13:57,91427.6,0.01,BUY
22:13:57,91427.6,0.01,BUY
22:13:57,91427.6,0.01,BUY
22:13:57,91427.6,0.01,BUY
22:13:57,91427.6,0.01,BUY
22:13:57,91427.6,0.01,BUY
22:13:57,91427.6,0.01,BUY
22:13:57,91427.6,0.01,BUY
22:13:57,91427.6,0.01,BUY
22:13:57,91427.6,0.01,BUY
22:13:57,91427.6,0.01,BUY
22:13:57,91427.6,0.01,BUY
22:13:57,91427.6,0.01,BUY
22:13:57,91427.6,0.01,BUY
22:13:57,91427.6,0.01,BUY
22:13:57,91427.6,0.01,BUY
22:13:57,91427.6,0.01,BUY
22:13:58,91427.6,0.01,BUY
22:13:58,91427.6,0.01,BUY
22:13:58,91427.6,0.01,BUY
22:13:58,91427.6,0.01,BUY
22:13:58,91427.6,0.01,BUY
22:13:58,91427.6,0.01,BUY
22:13:58,91427.6,0.01,BUY
22:13:58,91427.6,0.01,BUY
22:13:58,91427.6,0.01,BUY
22:13:58,91427.6,0.01,BUY
22:13:58,91427.6,0.01,BUY
22:13:58,91427.6,0.01,BUY
22:13:58,91427.6,0.01,BUY
22:13:58,91427.6,0.01,BUY
22:13:58,91427.6,0.01,BUY
22:13:58,91427.6,0.01,BUY
22:13:58,91428.4,0.01,BUY
22:13:58,91429.6,0.01,BUY
22:13:58,91430.4,0.01,BUY
22:13:58,91431.2,0.01,BUY
22:13:58,91431.2,0.01,BUY
22:13:58,91431.2,0.01,BUY
22:13:58,91431.2,0.01,BUY
22:13:58,91431.2,0.01,BUY
22:13:58,91431.2,0.01,BUY
22:13:58,91431.2,0.01,BUY
22:13:58,91431.2,0.01,BUY
22:13:58,91431.2,0.01,BUY
22:13:58,91431.2,0.01,BUY
22:13:58,91431.2,0.01,BUY
22:13:58,91431.2,0.01,BUY
22:13:58,91431.2,0.01,BUY
22:13:58,91431.2,0.01,BUY
22:13:58,91431.2,0.01,BUY
22:13:58,91431.2,0.01,BUY
22:13:58,91434.8,0.01,BUY
22:13:58,91434.8,0.01,BUY
22:13:58,91434.8,0.01,BUY
22:13:58,91434.8,0.01,BUY
22:13:58,91434.8,0.01,BUY
22:13:58,91434.8,0.01,BUY
22:13:58,91434.8,0.01,BUY
22:13:58,91434.8,0.01,BUY
22:13:58,91434.8,0.01,BUY
22:13:58,91434.8,0.01,BUY
22:13:58,91434.8,0.01,BUY
22:13:58,91434.8,0.01,BUY
22:13:58,91434.8,0.01,BUY
22:13:58,91434.8,0.01,BUY
22:13:58,91434.8,0.01,BUY
22:13:58,91434.8,0.01,BUY
22:13:58,91434.8,0.01,BUY
22:13:58,91434.8,0.01,BUY
22:13:58,91434.8,0.01,BUY
22:13:58,91434.8,0.01,BUY
22:13:58,91434.8,0.01,BUY
22:13:58,91434.8,0.01,BUY
22:13:58,91434.8,0.01,BUY
22:13:58,91434.8,0.01,BUY
22:13:58,91434.8,0.01,BUY
22:13:58,91434.8,0.01,BUY
22:13:58,91434.8,0.01,BUY
22:13:58,91434.8,0.01,BUY
22:13:58,91434.8,0.01,BUY
22:13:58,91434.8,0.01,BUY
22:13:58,91434.8,0.01,BUY
22:13:58,91434.8,0.01,BUY
22:13:58,91434.8,0.01,BUY
22:13:58,91434.8,0.01,BUY
22:13:58,91434.8,0.01,BUY
22:13:58,91434.8,0.01,BUY
22:13:58,91434.8,0.01,BUY
22:13:58,91434.8,0.01,BUY
22:13:58,91434.8,0.01,BUY
22:13:58,91434.8,0.01,BUY
22:13:58,91434.8,0.01,BUY
22:13:58,91434.8,0.01,BUY
22:13:58,91434.8,0.01,BUY
22:13:58,91434.8,0.01,BUY
22:13:58,91434.8,0.01,BUY
22:13:58,91434.8,0.01,BUY
22:13:58,91434.8,0.01,BUY
22:13:58,91434.8,0.01,BUY
22:13:58,91434.8,0.01,BUY
22:13:58,91434.8,0.01,BUY
22:13:58,91434.8,0.01,BUY
22:13:58,91434.8,0.01,BUY
22:13:58,91434.8,0.01,BUY
22:13:58,91434.8,0.01,BUY
22:13:58,91434.8,0.01,BUY
22:13:58,91434.8,0.01,BUY
22:13:58,91434.8,0.01,BUY
22:13:58,91434.8,0.01,BUY
22:13:58,91434.8,0.01,BUY
22:13:58,91434.8,0.01,BUY
22:13:58,91434.8,0.01,BUY
22:13:58,91434.8,0.01,BUY
22:13:59,91434.8,0.01,BUY
22:13:59,91434.8,0.01,BUY
22:13:59,91434.8,0.01,BUY
22:13:59,91434.8,0.01,BUY
22:13:59,91434.8,0.01,BUY
22:13:59,91434.8,0.01,BUY
22:13:59,91434.8,0.01,BUY
22:13:59,91434.8,0.01,BUY
22:13:59,91434.8,0.01,BUY
22:13:59,91434.8,0.01,BUY
22:13:59,91434.8,0.01,BUY
22:13:59,91434.8,0.01,BUY
22:13:59,91434.8,0.01,BUY
22:13:59,91434.8,0.01,BUY
22:13:59,91434.8,0.01,BUY
22:13:59,91434.8,0.01,BUY
22:13:59,91434.8,0.01,BUY
22:13:59,91434.8,0.01,BUY
22:13:59,91434.8,0.01,BUY
22:13:59,91434.8,0.01,BUY
22:13:59,91434.8,0.01,BUY
22:13:59,91434.8,0.01,BUY
22:13:59,91434.8,0.01,BUY
22:13:59,91434.8,0.01,BUY
22:13:59,91434.8,0.01,BUY
22:13:59,91434.8,0.01,BUY
22:13:59,91434.8,0.01,BUY
22:13:59,91434.8,0.01,BUY
22:13:59,91434.8,0.01,BUY
22:13:59,91434.8,0.01,BUY
22:13:59,91434.8,0.01,BUY
22:13:59,91434.8,0.01,BUY
22:13:59,91434.8,0.01,BUY
22:13:59,91434.8,0.01,BUY
22:13:59,91434.8,0.01,BUY
22:13:59,91434.8,0.01,BUY
22:13:59,91434.8,0.01,BUY
22:13:59,91434.8,0.01,BUY
22:13:59,91434.8,0.01,BUY
22:13:59,91434.8,0.01,BUY
22:13:59,91434.8,0.01,BUY
22:13:59,91434.8,0.01,BUY
22:13:59,91434.8,0.01,BUY
22:13:59,91434.8,0.01,BUY
22:13:59,91434.8,0.01,BUY
22:13:59,91434.8,0.01,BUY
22:13:59,91434.8,0.01,BUY
22:13:59,91434.8,0.01,BUY
22:13:59,91434.8,0.01,BUY
22:14:00,91434.8,0.01,BUY
22:14:00,91434.8,0.01,BUY
22:14:00,91434.8,0.01,BUY
22:14:00,91434.8,0.01,BUY
22:14:00,91434.8,0.01,BUY
22:14:00,91434.8,0.01,BUY
22:14:00,91434.8,0.01,BUY
22:14:00,91434.8,0.01,BUY
22:14:00,91434.8,0.01,BUY
22:14:00,91434.8,0.01,BUY
22:14:00,91434.8,0.01,BUY
22:14:00,91434.8,0.01,BUY
22:14:00,91434.8,0.01,BUY
22:14:00,91435,0.01,BUY
22:14:00,91436.4,0.01,BUY
22:14:00,91437.1,0.01,BUY
22:14:00,91437.8,0.01,BUY
22:14:00,91438.1,0.01,BUY
22:14:00,91438.1,0.01,BUY
22:14:00,91438.1,0.01,BUY
22:14:00,91438.1,0.01,BUY
22:14:00,91438.1,0.01,BUY
22:14:00,91438.1,0.01,BUY
22:14:00,91441.3,0.01,BUY
22:14:00,91441.3,0.01,BUY
22:14:00,91441.3,0.01,BUY
22:14:00,91441.3,0.01,BUY
22:14:00,91441.3,0.01,BUY
22:14:00,91441.3,0.01,BUY
22:14:00,91441.3,0.01,BUY
22:14:00,91441.3,0.01,BUY
22:14:00,91441.3,0.01,BUY
22:14:00,91441.3,0.01,BUY
22:14:00,91441.3,0.01,BUY
22:14:00,91441.3,0.01,BUY
22:14:00,91441.3,0.01,BUY
22:14:00,91441.3,0.01,BUY
22:14:00,91441.3,0.01,BUY
22:14:00,91441.3,0.01,BUY
22:14:00,91441.3,0.01,BUY
22:14:00,91441.3,0.01,BUY
22:14:00,91441.3,0.01,BUY
22:14:00,91441.3,0.01,BUY
22:14:00,91441.3,0.01,BUY
22:14:00,91441.3,0.01,BUY
22:14:00,91441.3,0.01,BUY
22:14:00,91441.3,0.01,BUY
22:14:00,91441.3,0.01,BUY
22:14:00,91441.3,0.01,BUY
22:14:00,91441.3,0.01,BUY
22:14:00,91441.3,0.01,BUY
22:14:00,91441.3,0.01,BUY
22:14:00,91441.3,0.01,BUY
22:14:00,91441.3,0.01,BUY
22:14:00,91441.3,0.01,BUY
22:14:00,91441.3,0.01,BUY
22:14:00,91441.3,0.01,BUY
22:14:00,91441.3,0.01,BUY
22:14:00,91441.3,0.01,BUY
22:14:00,91441.3,0.01,BUY
22:14:00,91441.3,0.01,BUY
22:14:00,91441.3,0.01,BUY
22:14:00,91441.3,0.01,BUY
22:14:00,91441.3,0.01,BUY
22:14:00,91441.3,0.01,BUY
22:14:00,91441.3,0.01,BUY
22:14:00,91441.3,0.01,BUY
22:14:00,91441.3,0.01,BUY
22:14:00,91441.3,0.01,BUY
22:14:00,91441.3,0.01,BUY
22:14:00,91441.3,0.01,BUY
22:14:01,91441.3,0.01,BUY
22:14:01,91441.3,0.01,BUY
22:14:01,91441.3,0.01,BUY
22:14:01,91441.3,0.01,BUY
22:14:01,91441.3,0.01,BUY
22:14:01,91441.3,0.01,BUY
22:14:01,91441.3,0.01,BUY
22:14:01,91441.3,0.01,BUY
22:14:01,91441.3,0.01,BUY
22:14:01,91441.3,0.01,BUY
22:14:01,91441.3,0.01,BUY
22:14:01,91441.3,0.01,BUY
22:14:01,91441.3,0.01,BUY
22:14:01,91441.3,0.01,BUY
22:14:01,91441.3,0.01,BUY
22:14:01,91441.3,0.01,BUY
22:14:01,91441.3,0.01,BUY
22:14:01,91441.3,0.01,BUY
22:14:01,91441.3,0.01,BUY
22:14:01,91441.3,0.01,BUY
22:14:01,91441.3,0.01,BUY
22:14:01,91441.3,0.01,BUY
22:14:01,91441.3,0.01,BUY
22:14:01,91441.3,0.01,BUY
22:14:01,91441.3,0.01,BUY
22:14:01,91441.3,0.01,BUY
22:14:01,91441.3,0.01,BUY
22:14:01,91441.3,0.01,BUY
22:14:01,91441.3,0.01,BUY
22:14:01,91441.3,0.01,BUY
22:14:01,91441.3,0.01,BUY
22:14:01,91441.3,0.01,BUY
22:14:01,91441.3,0.01,BUY
22:14:01,91441.9,0.01,BUY
22:14:01,91443.1,0.01,BUY
22:14:01,91443.5,0.01,BUY
22:14:01,91444.5,0.01,BUY
22:14:01,91445.7,0.01,BUY
22:14:01,91446.4,0.01,BUY
22:14:01,91447.2,0.01,BUY
22:14:01,91448,0.01,BUY
22:14:01,91449.2,0.01,BUY
22:14:01,91450.1,0.01,BUY
22:14:01,91450.8,0.01,BUY
22:14:01,91451.2,0.01,BUY
22:14:01,91452,0.01,BUY
22:14:01,91452.7,0.01,BUY
22:14:01,91453.2,0.01,BUY
22:14:01,91454.2,0.01,BUY
22:14:01,91454.7,0.01,BUY
22:14:01,91455.4,0.01,BUY
22:14:01,91455.4,0.01,BUY
22:14:01,91455.4,0.01,BUY
22:14:01,91455.4,0.01,BUY
22:14:01,91455.4,0.01,BUY
22:14:01,91455.4,0.01,BUY
22:14:01,91455.4,0.01,BUY
22:14:01,91455.4,0.01,BUY
22:14:01,91455.4,0.01,BUY
22:14:01,91455.4,0.01,BUY
22:14:01,91455.4,0.01,BUY
22:14:01,91455.4,0.01,BUY
22:14:01,91455.4,0.01,BUY
22:14:01,91455.4,0.01,BUY
22:14:01,91455.4,0.01,BUY
22:14:01,91455.4,0.01,BUY
22:14:01,91455.4,0.01,BUY
22:14:01,91455.4,0.01,BUY
22:14:01,91455.4,0.01,BUY
22:14:01,91455.4,0.01,BUY
22:14:01,91455.4,0.01,BUY
22:14:01,91455.4,0.01,BUY
22:14:01,91455.4,0.01,BUY
22:14:01,91455.4,0.01,BUY
22:14:01,91455.4,0.01,BUY
22:14:01,91455.4,0.01,BUY
22:14:01,91455.4,0.01,BUY
22:14:01,91455.4,0.01,BUY
22:14:01,91455.4,0.01,BUY
22:14:01,91455.4,0.01,BUY
22:14:01,91455.4,0.01,BUY
22:14:01,91455.4,0.01,BUY
22:14:01,91455.4,0.01,BUY
22:14:01,91455.4,0.01,BUY
22:14:01,91455.4,0.01,BUY
22:14:01,91455.4,0.01,BUY
22:14:01,91455.4,0.01,BUY
22:14:01,91455.4,0.01,BUY
22:14:01,91455.4,0.01,BUY
22:14:01,91455.4,0.01,BUY
22:14:01,91455.4,0.01,BUY
22:14:01,91455.4,0.01,BUY
22:14:01,91455.4,0.01,BUY
22:14:01,91455.4,0.01,BUY
22:14:01,91455.4,0.01,BUY
22:14:01,91455.4,0.01,BUY
22:14:01,91455.4,0.01,BUY
22:14:01,91455.4,0.01,BUY
22:14:01,91455.4,0.01,BUY
22:14:01,91455.4,0.01,BUY
22:14:01,91455.4,0.01,BUY
22:14:01,91455.4,0.01,BUY
22:14:01,91469.4,0.01,BUY
22:14:01,91469.4,0.01,BUY
22:14:01,91469.4,0.01,BUY
22:14:01,91469.4,0.01,BUY
22:14:01,91469.4,0.01,BUY
22:14:01,91469.4,0.01,BUY
22:14:01,91469.4,0.01,BUY
22:14:01,91469.4,0.01,BUY
22:14:01,91469.4,0.01,BUY
22:14:01,91469.4,0.01,BUY
22:14:01,91469.4,0.01,BUY
22:14:01,91469.4,0.01,BUY
22:14:01,91469.4,0.01,BUY
22:14:01,91469.4,0.01,BUY
22:14:01,91469.4,0.01,BUY
22:14:01,91469.4,0.01,BUY
22:14:02,91469.4,0.01,BUY
22:14:02,91469.4,0.01,BUY
22:14:02,91469.4,0.01,BUY
22:14:02,91469.4,0.01,BUY
22:14:02,91469.4,0.01,BUY
22:14:02,91469.4,0.01,BUY
22:14:02,91469.4,0.01,BUY
22:14:02,91469.4,0.01,BUY
22:14:02,91469.4,0.01,BUY
22:14:02,91469.4,0.01,BUY
22:14:02,91469.4,0.01,BUY
22:14:02,91469.4,0.01,BUY
22:14:02,91469.4,0.01,BUY
22:14:02,91469.4,0.01,BUY
22:14:02,91469.4,0.01,BUY
22:14:02,91469.4,0.01,BUY
22:14:02,91469.4,0.01,BUY
22:14:02,91469.4,0.01,BUY
22:14:02,91469.4,0.01,BUY
22:14:02,91469.4,0.01,BUY
22:14:02,91469.4,0.01,BUY
22:14:02,91469.4,0.01,BUY
22:14:02,91469.4,0.01,BUY
22:14:02,91469.4,0.01,BUY
22:14:02,91469.4,0.01,BUY
22:14:02,91469.4,0.01,BUY
22:14:02,91469.4,0.01,BUY
22:14:02,91469.4,0.01,BUY
22:14:02,91469.4,0.01,BUY
22:14:02,91469.4,0.01,BUY
22:14:02,91469.4,0.01,BUY
22:14:02,91469.4,0.01,BUY
22:14:02,91469.4,0.01,BUY
22:14:02,91469.4,0.01,BUY
22:14:02,91469.4,0.01,BUY
22:14:02,91469.4,0.01,BUY
22:14:02,91469.4,0.01,BUY
22:14:02,91469.4,0.01,BUY
22:14:02,91469.4,0.01,BUY
22:14:02,91469.4,0.01,BUY
22:14:02,91469.4,0.01,BUY
22:14:02,91469.4,0.01,BUY
22:14:02,91469.4,0.01,BUY
22:14:02,91469.4,0.01,BUY
22:14:02,91469.4,0.01,BUY
22:14:02,91469.4,0.01,BUY
22:14:02,91469.4,0.01,BUY
22:14:02,91469.4,0.01,BUY
22:14:02,91469.4,0.01,BUY
22:14:02,91469.4,0.01,BUY
22:14:02,91469.4,0.01,BUY
22:14:02,91469.4,0.01,BUY
22:14:02,91469.4,0.01,BUY
22:14:02,91469.4,0.01,BUY
22:14:02,91469.4,0.01,BUY
22:14:02,91469.4,0.01,BUY
22:14:02,91469.4,0.01,BUY
22:14:02,91469.4,0.01,BUY
22:14:02,91469.4,0.01,BUY
22:14:02,91469.4,0.01,BUY
22:14:02,91469.4,0.01,BUY
22:14:02,91469.4,0.01,BUY
22:14:02,91469.4,0.01,BUY
22:14:02,91469.4,0.01,BUY
22:14:02,91469.4,0.01,BUY
22:14:02,91469.4,0.01,BUY
22:14:02,91469.4,0.01,BUY
22:14:02,91469.4,0.01,BUY
22:14:02,91469.4,0.01,BUY
22:14:02,91469.4,0.01,BUY
22:14:02,91469.4,0.01,BUY
22:14:02,91469.4,0.01,BUY
22:14:02,91469.4,0.01,BUY
22:14:02,91469.4,0.01,BUY
22:14:02,91469.4,0.01,BUY
22:14:02,91469.4,0.01,BUY
22:14:02,91469.4,0.01,BUY
22:14:02,91469.4,0.01,BUY
22:14:02,91469.4,0.01,BUY
22:14:02,91469.4,0.01,BUY
22:14:02,91469.4,0.01,BUY
22:14:02,91469.4,0.01,BUY
22:14:02,91469.4,0.01,BUY
22:14:02,91469.4,0.01,BUY
22:14:02,91469.4,0.01,BUY
22:14:02,91469.4,0.01,BUY
22:14:02,91469.4,0.01,BUY
22:14:02,91469.4,0.01,BUY
22:14:02,91469.4,0.01,BUY
22:14:02,91469.4,0.01,BUY
22:14:02,91469.4,0.01,BUY
22:14:02,91469.4,0.01,BUY
22:14:02,91469.4,0.01,BUY
22:14:02,91469.4,0.01,BUY
22:14:02,91469.4,0.01,BUY
22:14:02,91469.4,0.01,BUY
22:14:02,91469.4,0.01,BUY
22:14:02,91469.4,0.01,BUY
22:14:02,91469.4,0.01,BUY
22:14:02,91469.4,0.01,BUY
22:14:02,91469.4,0.01,BUY
22:14:02,91469.4,0.01,BUY
22:14:02,91469.4,0.01,BUY
22:14:02,91469.4,0.01,BUY
22:14:02,91469.4,0.01,BUY
22:14:02,91469.4,0.01,BUY
22:14:02,91469.4,0.01,BUY
22:14:02,91469.4,0.01,BUY
22:14:02,91469.4,0.01,BUY
22:14:02,91469.4,0.01,BUY
22:14:02,91469.4,0.01,BUY
22:14:02,91470,0.01,BUY
22:14:02,91471.2,0.01,BUY
22:14:02,91474,0.01,BUY
22:14:02,91474,0.01,BUY
22:14:02,91474,0.01,BUY
22:14:02,91474,0.01,BUY
22:14:02,91474,0.01,BUY
22:14:02,91474,0.01,BUY
22:14:02,91474,0.01,BUY
22:14:02,91474,0.01,BUY
22:14:02,91474,0.01,BUY
22:14:02,91474,0.01,BUY
22:14:02,91474,0.01,BUY
22:14:02,91474,0.01,BUY
22:14:02,91474,0.01,BUY
22:14:02,91474,0.01,BUY
22:14:02,91474,0.01,BUY
22:14:02,91474,0.01,BUY
22:14:02,91474,0.01,BUY
22:14:02,91474,0.01,BUY
22:14:02,91474,0.01,BUY
22:14:02,91474,0.01,BUY
22:14:02,91474,0.01,BUY
22:14:02,91474,0.01,BUY
22:14:02,91474,0.01,BUY
22:14:02,91474,0.01,BUY
22:14:02,91474,0.01,BUY
22:14:02,91474,0.01,BUY
22:14:02,91474,0.01,BUY
22:14:02,91474,0.01,BUY
22:14:02,91474,0.01,BUY
22:14:02,91474,0.01,BUY
22:14:02,91474,0.01,BUY
22:14:02,91474,0.01,BUY
22:14:02,91474,0.01,BUY
22:14:02,91474,0.01,BUY
22:14:02,91474,0.01,BUY
22:14:02,91474,0.01,BUY
22:14:02,91474,0.01,BUY
22:14:02,91474,0.01,BUY
22:14:02,91474,0.01,BUY
22:14:02,91474,0.01,BUY
22:14:02,91474,0.01,BUY
22:14:02,91474,0.01,BUY
22:14:02,91474,0.01,BUY
22:14:02,91474.2,0.01,BUY
22:14:02,91475.1,0.01,BUY
22:14:02,91476.3,0.01,BUY
22:14:02,91476.9,0.01,BUY
22:14:02,91477.1,0.01,BUY
22:14:02,91478.2,0.01,SELL
22:14:02,91479.3,0.01,BUY
22:14:02,91480.2,0.01,BUY
22:14:02,91480.4,0.01,BUY
22:14:02,91480.4,0.01,BUY
22:14:02,91480.4,0.01,BUY
22:14:02,91480.4,0.01,BUY
22:14:02,91480.4,0.01,BUY
22:14:02,91480.4,0.01,BUY
22:14:02,91480.4,0.01,BUY
22:14:02,91480.4,0.01,BUY
22:14:02,91480.4,0.01,BUY
22:14:02,91480.4,0.01,BUY
22:14:02,91480.4,0.01,BUY
22:14:02,91480.4,0.01,BUY
22:14:02,91480.4,0.01,BUY
22:14:02,91480.4,0.01,BUY
22:14:02,91486.8,0.01,BUY
22:14:02,91486.8,0.01,BUY
22:14:02,91486.8,0.01,BUY
22:14:02,91486.8,0.01,BUY
22:14:02,91486.8,0.01,BUY
22:14:02,91486.8,0.01,BUY
22:14:02,91486.8,0.01,BUY
22:14:02,91486.8,0.01,BUY
22:14:02,91486.8,0.01,BUY
22:14:02,91486.8,0.01,BUY
22:14:02,91486.8,0.01,BUY
22:14:02,91486.8,0.01,BUY
22:14:02,91486.8,0.01,BUY
22:14:02,91486.8,0.01,BUY
22:14:02,91486.8,0.01,BUY
22:14:02,91486.8,0.01,BUY
22:14:02,91486.8,0.01,BUY
22:14:02,91486.8,0.01,BUY
22:14:02,91486.8,0.01,BUY
22:14:02,91486.8,0.01,BUY
22:14:02,91486.8,0.01,BUY
22:14:02,91486.8,0.01,BUY
22:14:02,91486.8,0.01,BUY
22:14:02,91486.8,0.01,BUY
22:14:02,91486.8,0.01,BUY
22:14:02,91486.8,0.01,BUY
22:14:02,91486.8,0.01,BUY
22:14:02,91486.8,0.01,BUY
22:14:02,91486.8,0.01,BUY
22:14:02,91486.8,0.01,BUY
22:14:02,91486.8,0.01,BUY
22:14:02,91486.8,0.01,BUY
22:14:02,91486.8,0.01,BUY
22:14:02,91486.8,0.01,BUY
22:14:02,91486.8,0.01,BUY
22:14:02,91486.8,0.01,BUY
22:14:02,91486.8,0.01,BUY
22:14:02,91486.8,0.01,BUY
22:14:02,91486.8,0.01,BUY
22:14:02,91486.8,0.01,BUY
22:14:02,91486.8,0.01,BUY
22:14:02,91486.8,0.01,BUY
22:14:02,91486.8,0.01,BUY
22:14:02,91486.8,0.01,BUY
22:14:03,91486.8,0.01,BUY
22:14:03,91486.8,0.01,BUY
22:14:03,91486.8,0.01,BUY
22:14:03,91486.8,0.01,BUY
22:14:03,91486.8,0.01,BUY
22:14:03,91486.8,0.01,BUY
22:14:03,91486.8,0.01,BUY
22:14:03,91486.8,0.01,BUY
22:14:03,91486.8,0.01,BUY
22:14:03,91486.8,0.01,BUY
22:14:03,91486.8,0.01,BUY
22:14:03,91486.8,0.01,BUY
22:14:03,91486.8,0.01,BUY
22:14:03,91486.8,0.01,BUY
22:14:03,91486.8,0.01,BUY
22:14:03,91486.8,0.01,BUY
22:14:03,91486.8,0.01,BUY
22:14:03,91486.8,0.01,BUY
22:14:03,91486.8,0.01,BUY
22:14:03,91486.8,0.01,BUY
22:14:03,91486.8,0.01,BUY
22:14:03,91486.8,0.01,BUY
22:14:03,91486.8,0.01,BUY
22:14:03,91486.8,0.01,BUY
22:14:03,91486.8,0.01,BUY
22:14:03,91486.8,0.01,BUY
22:14:03,91486.8,0.01,BUY
22:14:03,91486.8,0.01,BUY
22:14:03,91486.8,0.01,BUY
22:14:03,91487.5,0.01,BUY
22:14:03,91489.3,0.01,BUY
22:14:03,91493.2,0.01,BUY
22:14:03,91493.2,0.01,BUY
22:14:03,91493.2,0.01,BUY
22:14:03,91493.2,0.01,BUY
22:14:03,91493.2,0.01,BUY
22:14:03,91493.2,0.01,BUY
22:14:03,91493.2,0.01,BUY
22:14:03,91493.2,0.01,BUY
22:14:03,91493.2,0.01,BUY
22:14:03,91493.2,0.01,BUY
22:14:03,91493.2,0.01,BUY
22:14:03,91493.2,0.01,BUY
22:14:03,91493.2,0.01,BUY
22:14:03,91493.2,0.01,BUY
22:14:03,91493.2,0.01,BUY
22:14:03,91493.2,0.01,BUY
22:14:03,91493.2,0.01,BUY
22:14:03,91493.2,0.01,BUY
22:14:03,91493.2,0.01,BUY
22:14:03,91493.2,0.01,BUY
22:14:03,91493.2,0.01,BUY
22:14:03,91493.2,0.01,BUY
22:14:03,91493.2,0.01,BUY
22:14:03,91493.2,0.01,BUY
22:14:03,91493.2,0.01,BUY
22:14:03,91493.2,0.01,BUY
22:14:03,91493.2,0.01,BUY
22:14:03,91493.2,0.01,BUY
22:14:03,91493.2,0.01,BUY
22:14:03,91493.2,0.01,BUY
22:14:03,91493.2,0.01,BUY
22:14:03,91493.2,0.01,BUY
22:14:03,91493.2,0.01,BUY
22:14:03,91493.2,0.01,BUY
22:14:03,91493.2,0.01,BUY
22:14:03,91493.2,0.01,BUY
22:14:03,91493.2,0.01,BUY
22:14:03,91493.2,0.01,BUY
22:14:03,91493.2,0.01,BUY
22:14:03,91493.2,0.01,BUY
22:14:03,91493.2,0.01,BUY
22:14:03,91493.2,0.01,BUY
22:14:03,91493.2,0.01,BUY
22:14:03,91493.2,0.01,BUY
22:14:03,91493.2,0.01,BUY
22:14:03,91493.2,0.01,BUY
22:14:03,91493.2,0.01,BUY
22:14:03,91493.2,0.01,BUY
22:14:03,91493.2,0.01,BUY
22:14:03,91493.2,0.01,BUY
22:14:03,91493.2,0.01,BUY
22:14:03,91493.2,0.01,BUY
22:14:03,91493.2,0.01,BUY
22:14:03,91493.2,0.01,BUY
22:14:03,91493.2,0.01,BUY
22:14:03,91493.2,0.01,BUY
22:14:03,91493.2,0.01,BUY
22:14:03,91493.2,0.01,BUY
22:14:03,91493.2,0.01,BUY
22:14:03,91493.2,0.01,BUY
22:14:03,91493.2,0.01,BUY
22:14:03,91493.2,0.01,BUY
22:14:03,91493.2,0.01,BUY
22:14:03,91493.2,0.01,BUY
22:14:03,91493.2,0.01,BUY
22:14:03,91493.2,0.01,BUY
22:14:03,91493.2,0.01,BUY
22:14:03,91493.2,0.01,BUY
22:14:03,91493.2,0.01,BUY
22:14:03,91493.2,0.01,BUY
22:14:03,91493.2,0.01,BUY
22:14:03,91493.2,0.01,BUY
22:14:03,91493.2,0.01,BUY
22:14:03,91493.2,0.01,BUY
22:14:03,91493.2,0.01,BUY
22:14:03,91493.2,0.01,BUY
22:14:04,91493.2,0.01,BUY
22:14:04,91493.2,0.01,BUY
22:14:04,91493.2,0.01,BUY
22:14:04,91493.2,0.01,BUY
22:14:04,91493.2,0.01,BUY
22:14:04,91493.2,0.01,SELL
22:14:04,91493.2,0.01,SELL
22:14:04,91493.2,0.01,SELL
22:14:04,91493.2,0.01,SELL
22:14:04,91493.2,0.01,SELL
22:14:04,91493.2,0.01,SELL
22:14:04,91493.2,0.01,SELL
22:14:04,91493.2,0.01,SELL
22:14:04,91493.2,0.01,SELL
22:14:04,91493.2,0.01,SELL
22:14:04,91493.2,0.01,SELL
22:14:04,91493.2,0.01,SELL
22:14:04,91493.2,0.01,SELL
22:14:04,91493.2,0.01,SELL
22:14:04,91493.2,0.01,SELL
22:14:04,91493.2,0.01,SELL
22:14:04,91493.2,0.01,SELL
22:14:04,91493.2,0.01,SELL
22:14:04,91493.2,0.01,SELL
22:14:04,91493.2,0.01,SELL
22:14:04,91493.2,0.01,SELL
22:14:04,91493.2,0.01,SELL
22:14:04,91493.2,0.01,SELL
22:14:04,91493.2,0.01,SELL
22:14:04,91493.2,0.01,SELL
22:14:04,91493.2,0.01,SELL
22:14:04,91493.2,0.01,SELL
22:14:04,91493.2,0.01,SELL
22:14:04,91493.2,0.01,SELL
22:14:04,91493.2,0.01,SELL
22:14:04,91493.2,0.01,SELL
22:14:04,91493.2,0.01,SELL
22:14:04,91493.2,0.01,SELL
22:14:04,91493.2,0.01,SELL
22:14:04,91493.2,0.01,SELL
22:14:04,91493.2,0.01,SELL
22:14:04,91493.2,0.01,SELL
22:14:04,91493.2,0.01,SELL
22:14:04,91493.2,0.01,SELL
22:14:04,91493.2,0.01,SELL
22:14:04,91493.2,0.01,SELL
22:14:04,91493.2,0.01,SELL
22:14:04,91493.2,0.01,SELL
22:14:04,91493.2,0.01,SELL
22:14:04,91493.2,0.01,SELL
22:14:04,91493.2,0.01,SELL
22:14:04,91493.2,0.01,SELL
22:14:04,91493.2,0.01,SELL
22:14:04,91493.2,0.01,SELL
22:14:04,91493.2,0.01,SELL
22:14:04,91493.1,0.01,SELL
22:14:04,91491.6,0.01,SELL
22:14:04,91491.6,0.01,SELL
22:14:04,91491.6,0.01,SELL
22:14:04,91491.6,0.01,SELL
22:14:04,91491.6,0.01,SELL
22:14:04,91491.6,0.01,SELL
22:14:04,91491.6,0.01,SELL
22:14:04,91491.6,0.01,SELL
22:14:04,91491.6,0.01,SELL
22:14:04,91491.6,0.01,SELL
22:14:04,91491.6,0.01,SELL
22:14:04,91491.6,0.01,SELL
22:14:04,91490,0.01,SELL
22:14:04,91490,0.01,SELL
22:14:04,91490,0.01,SELL
22:14:04,91490,0.01,SELL
22:14:04,91490,0.01,SELL
22:14:04,91490,0.01,SELL
22:14:04,91490,0.01,SELL
22:14:04,91490,0.01,SELL
22:14:04,91490,0.01,SELL
22:14:04,91490,0.01,SELL
22:14:04,91490,0.01,SELL
22:14:04,91490,0.01,SELL
22:14:04,91490,0.01,SELL
22:14:04,91490,0.01,SELL
22:14:04,91490,0.01,SELL
22:14:04,91490,0.01,SELL
22:14:04,91490,0.01,SELL
22:14:04,91490,0.01,SELL
22:14:04,91490,0.01,SELL
22:14:04,91490,0.01,SELL
22:14:04,91490,0.01,SELL
22:14:05,91490,0.01,SELL
22:14:05,91490,0.01,SELL
22:14:05,91490,0.01,SELL
22:14:05,91490,0.01,SELL
22:14:05,91490,0.01,SELL
22:14:05,91490,0.01,SELL
22:14:05,91490,0.01,SELL
22:14:05,91490,0.01,SELL
22:14:05,91490,0.01,SELL
22:14:05,91490,0.01,SELL
22:14:05,91490,0.01,SELL
22:14:05,91490,0.01,SELL
22:14:05,91490,0.01,SELL
22:14:05,91490,0.01,SELL
22:14:05,91490,0.01,SELL
22:14:05,91490,0.01,SELL
22:14:05,91490,0.01,SELL
22:14:05,91490,0.01,SELL
22:14:05,91490,0.01,SELL
22:14:05,91490,0.01,SELL
22:14:05,91488.5,0.01,SELL
22:14:05,91486.6,0.01,SELL
22:14:05,91486.6,0.01,SELL
22:14:05,91486.6,0.01,SELL
22:14:05,91486.6,0.01,SELL
22:14:05,91486.6,0.01,SELL
22:14:05,91486.6,0.01,SELL
22:14:05,91486.6,0.01,SELL
22:14:05,91486.6,0.01,SELL
22:14:05,91486.6,0.01,SELL
22:14:05,91483.2,0.01,SELL
22:14:05,91483.2,0.01,SELL
22:14:05,91483.2,0.01,SELL
22:14:05,91483.2,0.01,SELL
22:14:05,91483.2,0.01,SELL
22:14:05,91483.2,0.01,SELL
22:14:05,91483.2,0.01,SELL
22:14:05,91483.2,0.01,SELL
22:14:05,91483.2,0.01,SELL
22:14:05,91483.2,0.01,SELL
22:14:05,91483.2,0.01,SELL
22:14:05,91483.2,0.01,SELL
22:14:05,91483.2,0.01,SELL
22:14:05,91483.2,0.01,SELL
22:14:05,91483.2,0.01,SELL
22:14:05,91483.2,0.01,SELL
22:14:05,91483.2,0.01,SELL
22:14:05,91483.2,0.01,SELL
22:14:05,91483.2,0.01,SELL
22:14:05,91483.2,0.01,SELL
22:14:05,91483.2,0.01,SELL
22:14:05,91483.2,0.01,SELL
22:14:05,91483.2,0.01,SELL
22:14:05,91483.2,0.01,SELL
22:14:05,91483.2,0.01,SELL
22:14:05,91483.2,0.01,SELL
22:14:05,91483.2,0.01,SELL
22:14:05,91483.2,0.01,SELL
22:14:05,91483.2,0.01,SELL
22:14:05,91483.2,0.01,SELL
22:14:05,91483.2,0.01,SELL
22:14:05,91483.2,0.01,SELL
22:14:05,91483.2,0.01,SELL
22:14:05,91483.2,0.01,SELL
22:14:05,91483.2,0.01,SELL
22:14:05,91483.2,0.01,SELL
22:14:05,91483.2,0.01,SELL
22:14:05,91483.2,0.01,SELL
22:14:05,91483.2,0.01,SELL
22:14:05,91483.2,0.01,SELL
22:14:05,91483.2,0.01,SELL
22:14:05,91483.2,0.01,SELL
22:14:05,91483.2,0.01,SELL
22:14:05,91483.2,0.01,SELL
22:14:05,91483.2,0.01,SELL
22:14:05,91483.2,0.01,SELL
22:14:05,91483.2,0.01,SELL
22:14:05,91483.2,0.01,SELL
22:14:05,91483.2,0.01,SELL
22:14:05,91483.2,0.01,SELL
22:14:05,91483.2,0.01,SELL
22:14:05,91481.6,0.01,SELL
22:14:05,91480.2,0.01,SELL
22:14:05,91478.6,0.01,SELL
22:14:05,91477.9,0.01,SELL
22:14:05,91476.9,0.01,SELL
22:14:05,91476.3,0.01,SELL
22:14:05,91476.3,0.01,SELL
22:14:05,91476.3,0.01,SELL
22:14:05,91476.3,0.01,SELL
22:14:05,91476.3,0.01,SELL
22:14:05,91476.3,0.01,SELL
22:14:05,91476.3,0.01,SELL
22:14:05,91476.3,0.01,SELL
22:14:05,91476.3,0.01,SELL
22:14:05,91476.3,0.01,SELL
22:14:05,91476.3,0.01,SELL
22:14:05,91476.3,0.01,SELL
22:14:05,91476.3,0.01,SELL
22:14:05,91476.3,0.01,SELL
22:14:05,91476.3,0.01,SELL
22:14:05,91476.3,0.01,SELL
22:14:05,91476.3,0.01,SELL
22:14:05,91476.3,0.01,SELL
22:14:05,91476.3,0.01,SELL
22:14:05,91476.3,0.01,SELL
22:14:05,91476.3,0.01,SELL
22:14:05,91476.3,0.01,SELL
22:14:05,91476.3,0.01,SELL
22:14:05,91476.3,0.01,SELL
22:14:05,91476.3,0.01,SELL
22:14:05,91469.4,0.01,SELL
22:14:05,91469.4,0.01,SELL
22:14:05,91469.4,0.01,SELL
22:14:05,91469.4,0.01,SELL
22:14:05,91469.4,0.01,SELL
22:14:05,91469.4,0.01,SELL
22:14:05,91469.4,0.01,SELL
22:14:05,91469.4,0.01,SELL
22:14:05,91469.4,0.01,SELL
22:14:05,91469.4,0.01,SELL
22:14:05,91469.4,0.01,SELL
22:14:05,91469.4,0.01,SELL
22:14:05,91469.4,0.01,SELL
22:14:05,91469.4,0.01,SELL
22:14:05,91469.4,0.01,SELL
22:14:05,91469.4,0.01,SELL
22:14:05,91469.4,0.01,SELL
22:14:05,91469.4,0.01,SELL
22:14:05,91469.4,0.01,SELL
22:14:05,91469.4,0.01,SELL
22:14:05,91469.4,0.01,SELL
22:14:05,91469.4,0.01,SELL
22:14:05,91469.4,0.01,SELL
22:14:05,91469.4,0.01,SELL
22:14:06,91469.4,0.01,SELL
22:14:06,91469.4,0.01,SELL
22:14:06,91469.4,0.01,SELL
22:14:06,91469.4,0.01,SELL
22:14:06,91469.4,0.01,SELL
22:14:06,91469.4,0.01,SELL
22:14:06,91469.4,0.01,SELL
22:14:06,91469.4,0.01,SELL
22:14:06,91469.4,0.01,SELL
22:14:06,91469.4,0.01,SELL
22:14:06,91469.4,0.01,SELL
22:14:06,91469.4,0.01,SELL
22:14:06,91469.4,0.01,SELL
22:14:06,91469.4,0.01,SELL
22:14:06,91469.4,0.01,SELL
22:14:06,91469.4,0.01,SELL
22:14:06,91469.4,0.01,SELL
22:14:06,91469.4,0.01,SELL
22:14:06,91469.4,0.01,SELL
22:14:06,91469.4,0.01,SELL
22:14:06,91469.4,0.01,SELL
22:14:06,91469.4,0.01,SELL
22:14:06,91469.4,0.01,SELL
22:14:06,91469.4,0.01,SELL
22:14:06,91469.4,0.01,SELL
22:14:06,91469.4,0.01,SELL
22:14:06,91469.4,0.01,SELL
22:14:06,91469.4,0.01,SELL
22:14:06,91469.4,0.01,SELL
22:14:06,91469.4,0.01,SELL
22:14:06,91469.4,0.01,SELL
22:14:06,91469.4,0.01,SELL
22:14:06,91468.7,0.01,SELL
22:14:06,91465.4,0.01,SELL
22:14:06,91465.3,0.01,SELL
22:14:06,91465.3,0.01,SELL
22:14:06,91465.3,0.01,SELL
22:14:06,91465.3,0.01,SELL
22:14:06,91465.3,0.01,SELL
22:14:06,91465.3,0.01,SELL
22:14:06,91465.3,0.01,SELL
22:14:06,91465.3,0.01,SELL
22:14:06,91465.3,0.01,SELL
22:14:06,91465.3,0.01,SELL
22:14:06,91465.3,0.01,SELL
22:14:06,91465.3,0.01,SELL
22:14:06,91465.3,0.01,SELL
22:14:06,91465.3,0.01,SELL
22:14:06,91465.3,0.01,SELL
22:14:06,91461.2,0.01,SELL
22:14:06,91461.2,0.01,SELL
22:14:06,91461.2,0.01,SELL
22:14:06,91461.2,0.01,SELL
22:14:06,91461.2,0.01,SELL
22:14:06,91461.2,0.01,SELL
22:14:06,91461.2,0.01,SELL
22:14:06,91461.2,0.01,SELL
22:14:06,91461.2,0.01,SELL
22:14:06,91461.2,0.01,SELL
22:14:06,91461.2,0.01,SELL
22:14:06,91461.2,0.01,SELL
22:14:06,91461.2,0.01,SELL
22:14:06,91461.2,0.01,SELL
22:14:06,91461.2,0.01,SELL
22:14:06,91461.2,0.01,SELL
22:14:06,91461.2,0.01,SELL
22:14:06,91461.2,0.01,SELL
22:14:06,91461.2,0.01,SELL
22:14:06,91461.2,0.01,SELL
22:14:06,91461.2,0.01,SELL
22:14:06,91461.2,0.01,SELL
22:14:06,91461.2,0.01,SELL
22:14:06,91461.2,0.01,SELL
22:14:06,91461.2,0.01,SELL
22:14:06,91461.2,0.01,SELL
22:14:06,91461.2,0.01,SELL
22:14:06,91461.2,0.01,SELL
22:14:06,91461.2,0.01,SELL
22:14:06,91461.2,0.01,SELL
22:14:06,91461.2,0.01,SELL
22:14:06,91461.2,0.01,SELL
22:14:06,91461.2,0.01,SELL
22:14:06,91461.2,0.01,SELL
22:14:06,91461.2,0.01,SELL
22:14:06,91461.2,0.01,SELL
22:14:06,91461.2,0.01,SELL
22:14:06,91461.2,0.01,SELL
22:14:06,91461.2,0.01,SELL
22:14:06,91461.2,0.01,SELL
22:14:06,91461.2,0.01,SELL
22:14:06,91461.2,0.01,SELL
22:14:06,91461.2,0.01,SELL
22:14:06,91461.2,0.01,SELL
22:14:06,91461.2,0.01,SELL
22:14:06,91461.2,0.01,SELL
22:14:06,91461.2,0.01,SELL
22:14:06,91461.2,0.01,SELL
22:14:06,91461.2,0.01,SELL
22:14:06,91461.2,0.01,SELL
22:14:06,91461.2,0.01,SELL
22:14:06,91461.2,0.01,SELL
22:14:06,91461.2,0.01,SELL
22:14:06,91461.2,0.01,SELL
22:14:06,91461.2,0.01,SELL
22:14:06,91461.2,0.01,SELL
22:14:06,91461.2,0.01,SELL
22:14:06,91461.2,0.01,SELL
22:14:06,91461.2,0.01,SELL
22:14:06,91461.2,0.01,SELL
22:14:06,91461.2,0.01,SELL
22:14:06,91461.2,0.01,SELL
22:14:06,91461.2,0.01,SELL
22:14:06,91461.2,0.01,SELL
22:14:06,91461.2,0.01,SELL
22:14:07,91461.2,0.01,SELL
22:14:07,91461.2,0.01,SELL
22:14:07,91461.2,0.01,SELL
22:14:07,91461.2,0.01,SELL
22:14:07,91461.2,0.01,SELL
22:14:07,91461.2,0.01,SELL
22:14:07,91461.2,0.01,SELL
22:14:07,91461.2,0.01,SELL
22:14:07,91461.2,0.01,SELL
22:14:07,91461.2,0.01,SELL
22:14:07,91461.2,0.01,SELL
22:14:07,91461.2,0.01,SELL
22:14:07,91461.2,0.01,SELL
22:14:07,91461.2,0.01,SELL
22:14:07,91461.2,0.01,BUY
22:14:07,91461.2,0.01,BUY
22:14:07,91461.2,0.01,BUY
22:14:07,91461.2,0.01,BUY
22:14:07,91461.2,0.01,BUY
22:14:07,91461.2,0.01,BUY
22:14:07,91461.2,0.01,BUY
22:14:07,91461.2,0.01,BUY
22:14:07,91461.2,0.01,BUY
22:14:07,91461.2,0.01,BUY
22:14:07,91461.2,0.01,BUY
22:14:07,91461.2,0.01,BUY
22:14:07,91461.2,0.01,BUY
22:14:07,91461.2,0.01,BUY
22:14:07,91461.2,0.01,BUY
22:14:07,91461.2,0.01,BUY
22:14:07,91461.2,0.01,BUY
22:14:07,91461.8,0.01,BUY
22:14:07,91463.5,0.01,BUY
22:14:07,91463.5,0.01,BUY
22:14:07,91463.5,0.01,BUY
22:14:07,91463.5,0.01,BUY
22:14:08,91465.7,0.01,BUY
22:14:08,91465.7,0.01,BUY
22:14:08,91465.7,0.01,BUY
22:14:08,91465.7,0.01,BUY
22:14:08,91465.7,0.01,BUY
22:14:08,91465.7,0.01,BUY
22:14:08,91465.7,0.01,BUY
22:14:08,91465.7,0.01,BUY
22:14:08,91465.7,0.01,BUY
22:14:08,91465.7,0.01,BUY
22:14:08,91465.7,0.01,BUY
22:14:08,91465.7,0.01,BUY
22:14:08,91465.7,0.01,BUY
22:14:08,91465.7,0.01,BUY
22:14:08,91465.7,0.01,BUY
22:14:08,91465.7,0.01,BUY
22:14:08,91465.7,0.01,BUY
22:14:08,91465.7,0.01,BUY
22:14:08,91465.7,0.01,BUY
22:14:08,91465.7,0.01,BUY
22:14:08,91465.7,0.01,BUY
22:14:08,91465.7,0.01,BUY
22:14:08,91465.7,0.01,BUY
22:14:08,91465.7,0.01,BUY
22:14:08,91465.7,0.01,BUY
22:14:08,91465.7,0.01,BUY
22:14:08,91465.7,0.01,BUY
22:14:08,91465.7,0.01,BUY
22:14:08,91465.7,0.01,BUY
22:14:08,91465.7,0.01,BUY
22:14:08,91465.7,0.01,BUY
22:14:08,91465.7,0.01,BUY
22:14:08,91465.7,0.01,BUY
22:14:08,91465.7,0.01,BUY
22:14:08,91465.7,0.01,BUY
22:14:08,91465.7,0.01,BUY
22:14:08,91465.7,0.01,BUY
22:14:08,91465.7,0.01,BUY
22:14:08,91465.7,0.01,BUY
22:14:08,91465.7,0.01,BUY
22:14:08,91465.7,0.01,BUY
22:14:08,91465.7,0.01,BUY
22:14:08,91465.7,0.01,BUY
22:14:08,91465.7,0.01,BUY
22:14:08,91465.7,0.01,BUY
22:14:08,91465.7,0.01,BUY
22:14:08,91465.7,0.01,BUY
22:14:08,91465.7,0.01,BUY
22:14:08,91465.7,0.01,BUY
22:14:08,91465.7,0.01,BUY
22:14:08,91465.7,0.01,BUY
22:14:08,91465.7,0.01,BUY
22:14:08,91465.7,0.01,BUY
22:14:08,91465.7,0.01,BUY
22:14:08,91465.7,0.01,BUY
22:14:09,91465.7,0.01,BUY
22:14:09,91465.7,0.01,BUY
22:14:09,91465.7,0.01,BUY
22:14:09,91465.7,0.01,BUY
22:14:09,91465.7,0.01,BUY
22:14:09,91465.7,0.01,BUY
22:14:09,91465.7,0.01,BUY
22:14:09,91465.7,0.01,BUY
22:14:09,91465.7,0.01,BUY
22:14:09,91465.7,0.01,BUY
22:14:09,91465.7,0.01,BUY
22:14:09,91465.7,0.01,BUY
22:14:09,91465.7,0.01,BUY
22:14:09,91467.6,0.01,BUY
22:14:09,91468.6,0.01,SELL
22:14:09,91468.6,0.01,SELL
22:14:09,91468.6,0.01,SELL
22:14:09,91471.4,0.01,BUY
22:14:09,91471.4,0.01,BUY
22:14:09,91471.4,0.01,BUY
22:14:09,91471.4,0.01,BUY
22:14:09,91471.4,0.01,BUY
22:14:09,91471.4,0.01,BUY
22:14:09,91471.4,0.01,BUY
22:14:09,91471.4,0.01,BUY
22:14:09,91471.4,0.01,BUY
22:14:09,91471.4,0.01,BUY
22:14:09,91471.4,0.01,BUY
22:14:09,91471.4,0.01,BUY
22:14:09,91471.4,0.01,BUY
22:14:09,91471.4,0.01,BUY
22:14:09,91471.4,0.01,BUY
22:14:09,91471.4,0.01,BUY
22:14:09,91471.4,0.01,BUY
22:14:10,91471.4,0.01,BUY
22:14:10,91471.4,0.01,BUY
22:14:10,91471.4,0.01,SELL
22:14:10,91471.4,0.01,SELL
22:14:10,91471.4,0.01,SELL
22:14:10,91471.4,0.01,SELL
22:14:10,91471.4,0.01,SELL
22:14:10,91471.4,0.01,SELL
22:14:10,91471.4,0.01,SELL
22:14:11,91471.4,0.01,SELL
22:14:11,91471.4,0.01,SELL
22:14:11,91471.4,0.01,SELL
22:14:11,91471.4,0.01,SELL
22:14:11,91471.4,0.01,SELL
22:14:11,91471.4,0.01,SELL
22:14:11,91471.4,0.01,SELL
22:14:11,91471.4,0.01,SELL
22:14:11,91471.4,0.01,SELL
22:14:11,91471.4,0.01,SELL
22:14:11,91471.4,0.01,SELL
22:14:11,91471.4,0.01,SELL
22:14:11,91471.4,0.01,SELL
22:14:11,91471.4,0.01,SELL
22:14:12,91471.4,0.01,SELL
22:14:12,91471.4,0.01,SELL
22:14:12,91471.4,0.01,SELL
22:14:12,91471.4,0.01,SELL
22:14:12,91471.4,0.01,SELL
22:14:12,91471.4,0.01,SELL
22:14:12,91471.4,0.01,SELL
22:14:12,91471.4,0.01,SELL
22:14:12,91471.4,0.01,SELL
22:14:12,91471.4,0.01,SELL
22:14:12,91471.4,0.01,SELL
22:14:12,91471.4,0.01,SELL
22:14:12,91471.4,0.01,SELL
22:14:12,91471.4,0.01,SELL
22:14:12,91471.4,0.01,SELL
22:14:12,91471.4,0.01,SELL
22:14:12,91470.8,0.01,SELL
22:14:12,91470.8,0.01,SELL
22:14:12,91470.8,0.01,SELL
22:14:12,91470.8,0.01,SELL
22:14:12,91470.8,0.01,SELL
22:14:12,91470.8,0.01,SELL
22:14:12,91470.8,0.01,SELL
22:14:12,91470.8,0.01,SELL
22:14:12,91470.8,0.01,SELL
22:14:12,91470.3,0.01,SELL
22:14:12,91470.3,0.01,SELL
22:14:12,91470.3,0.01,SELL
22:14:12,91470.3,0.01,SELL
22:14:12,91470.3,0.01,SELL
22:14:12,91470.3,0.01,SELL
22:14:12,91470.3,0.01,SELL
22:14:12,91470.3,0.01,SELL
22:14:12,91469.1,0.01,SELL
22:14:12,91469.1,0.01,SELL
22:14:12,91469.1,0.01,SELL
22:14:12,91469.1,0.01,SELL
22:14:12,91469.1,0.01,SELL
22:14:12,91469.1,0.01,SELL
22:14:12,91469.1,0.01,SELL
22:14:12,91469.1,0.01,SELL
22:14:12,91467.9,0.01,SELL
22:14:12,91467.9,0.01,SELL
22:14:12,91467.9,0.01,SELL
22:14:12,91467.9,0.01,SELL
22:14:12,91467.9,0.01,SELL
22:14:12,91467.9,0.01,SELL
22:14:12,91467.9,0.01,SELL
22:14:12,91467.9,0.01,SELL
22:14:12,91467.9,0.01,SELL
22:14:12,91467.9,0.01,SELL
22:14:12,91467.9,0.01,SELL
22:14:12,91467.9,0.01,SELL
22:14:12,91467.9,0.01,SELL
22:14:12,91467.9,0.01,SELL
22:14:12,91467.9,0.01,SELL
22:14:12,91467.9,0.01,SELL
22:14:12,91467.9,0.01,SELL
22:14:13,91467.9,0.01,SELL
22:14:13,91467.9,0.01,SELL
22:14:13,91467.9,0.01,SELL
22:14:13,91467.9,0.01,SELL
22:14:13,91467.9,0.01,SELL
22:14:13,91467.9,0.01,SELL
22:14:13,91467.9,0.01,SELL
22:14:13,91467.9,0.01,SELL
22:14:13,91467.9,0.01,SELL
22:14:13,91467.9,0.01,SELL
22:14:13,91467.9,0.01,SELL
22:14:13,91467.9,0.01,SELL
22:14:13,91467.9,0.01,SELL
22:14:13,91467.9,0.01,SELL
22:14:13,91467.9,0.01,SELL
22:14:13,91467.9,0.01,SELL
22:14:13,91467.9,0.01,SELL
22:14:13,91467.9,0.01,SELL
22:14:13,91467.9,0.01,SELL
22:14:13,91467.9,0.01,SELL
22:14:13,91467.9,0.01,SELL
22:14:13,91467.9,0.01,SELL
22:14:13,91467.9,0.01,SELL
22:14:13,91467.9,0.01,SELL
22:14:14,91467.9,0.01,SELL
22:14:14,91467.9,0.01,SELL
22:14:14,91467.9,0.01,SELL
22:14:14,91467.9,0.01,SELL
22:14:14,91467.9,0.01,SELL
22:14:14,91467.9,0.01,SELL
22:14:14,91467.9,0.01,SELL
22:14:14,91467.9,0.01,SELL
22:14:14,91467.9,0.01,SELL
22:14:14,91467.9,0.01,SELL
22:14:14,91467.9,0.01,SELL
22:14:14,91467.9,0.01,SELL
22:14:14,91467.9,0.01,SELL
22:14:14,91467.9,0.01,SELL
22:14:14,91467.9,0.01,SELL
22:14:14,91467.9,0.01,SELL
22:14:14,91467.9,0.01,SELL
22:14:14,91467.9,0.01,SELL
22:14:14,91467.9,0.01,SELL
22:14:14,91467.9,0.01,SELL
22:14:14,91467.9,0.01,SELL
22:14:15,91467.9,0.01,SELL
22:14:15,91467.9,0.01,SELL
22:14:15,91467.9,0.01,SELL
22:14:15,91467.9,0.01,SELL
22:14:15,91467.9,0.01,SELL
22:14:15,91467.9,0.01,SELL
22:14:15,91467.9,0.01,SELL
22:14:15,91467.9,0.01,SELL
22:14:15,91467.9,0.01,SELL
22:14:15,91467.9,0.01,SELL
22:14:15,91467.9,0.01,SELL
22:14:15,91467.9,0.01,SELL
22:14:15,91467.9,0.01,SELL
22:14:15,91467.9,0.01,SELL
22:14:15,91467.9,0.01,SELL
22:14:15,91467.9,0.01,SELL
22:14:15,91467.9,0.01,SELL
22:14:15,91467.9,0.01,SELL
22:14:15,91467.9,0.01,SELL
22:14:15,91467.9,0.01,SELL
22:14:15,91467.9,0.01,SELL
22:14:15,91467.9,0.01,SELL
22:14:15,91467.9,0.01,SELL
22:14:16,91467.9,0.01,SELL
22:14:16,91467.9,0.01,SELL
22:14:16,91467.9,0.01,SELL
22:14:16,91467.9,0.01,SELL
22:14:16,91467.9,0.01,SELL
22:14:16,91467.9,0.01,SELL
22:14:16,91467.9,0.01,SELL
22:14:16,91467.9,0.01,SELL
22:14:16,91467.9,0.01,SELL
22:14:16,91467.9,0.01,SELL
22:14:16,91467.9,0.01,SELL
22:14:16,91467.9,0.01,SELL
22:14:16,91467.9,0.01,SELL
22:14:16,91467.9,0.01,SELL
22:14:16,91467.9,0.01,SELL
22:14:16,91467.9,0.01,SELL
22:14:17,91467.9,0.01,SELL
22:14:17,91467.9,0.01,SELL
22:14:17,91467.9,0.01,SELL
22:14:17,91467.9,0.01,SELL
22:14:17,91467.9,0.01,SELL
22:14:17,91467.9,0.01,SELL
22:14:17,91467.9,0.01,SELL
22:14:17,91467.9,0.01,SELL
22:14:17,91467.9,0.01,SELL
22:14:17,91467.9,0.01,SELL
22:14:17,91467.9,0.01,SELL
22:14:17,91467.9,0.01,SELL
22:14:17,91467.9,0.01,SELL
22:14:17,91467.9,0.01,SELL
22:14:17,91467.9,0.01,SELL
22:14:17,91467.9,0.01,SELL
22:14:17,91467.9,0.01,SELL
22:14:17,91467.9,0.01,SELL
22:14:17,91467.9,0.01,SELL
22:14:17,91467.9,0.01,SELL
22:14:17,91467.9,0.01,SELL
22:14:17,91467.9,0.01,SELL
22:14:17,91467.9,0.01,SELL
22:14:17,91467.9,0.01,SELL
22:14:17,91467.9,0.01,SELL
22:14:17,91467.9,0.01,SELL
22:14:18,91467.9,0.01,SELL
22:14:18,91467.9,0.01,SELL
22:14:18,91467.9,0.01,SELL
22:14:18,91467.6,0.01,SELL
22:14:18,91466.4,0.01,SELL
22:14:18,91466.4,0.01,SELL
22:14:18,91466.4,0.01,SELL
22:14:18,91466.4,0.01,SELL
22:14:18,91466.4,0.01,SELL
22:14:18,91466.4,0.01,SELL
22:14:18,91466.4,0.01,SELL
22:14:18,91466.4,0.01,SELL
22:14:18,91464.9,0.01,SELL
22:14:18,91464.9,0.01,SELL
22:14:18,91464.9,0.01,SELL
22:14:18,91464.9,0.01,SELL
22:14:18,91464.9,0.01,SELL
22:14:18,91464.9,0.01,SELL
22:14:18,91464.9,0.01,SELL
22:14:18,91464.6,0.01,SELL
22:14:18,91464.5,0.01,SELL
22:14:18,91464.5,0.01,SELL
22:14:18,91464.5,0.01,SELL
22:14:18,91464.5,0.01,SELL
22:14:18,91464.5,0.01,SELL
22:14:18,91464.5,0.01,SELL
22:14:18,91464.5,0.01,SELL
22:14:18,91464.5,0.01,SELL
22:14:18,91464.5,0.01,SELL
22:14:18,91464.5,0.01,SELL
22:14:18,91464.5,0.01,SELL
22:14:18,91464.5,0.01,SELL
22:14:18,91464.5,0.01,SELL
22:14:18,91464.5,0.01,SELL
22:14:18,91464.5,0.01,SELL
22:14:18,91464,0.01,SELL
22:14:18,91464,0.01,SELL
22:14:18,91464,0.01,SELL
22:14:18,91464,0.01,SELL
22:14:18,91464,0.01,SELL
22:14:18,91464,0.01,SELL
22:14:18,91464,0.01,SELL
22:14:18,91464,0.01,SELL
22:14:18,91464,0.01,SELL
22:14:18,91464,0.01,SELL
22:14:18,91464,0.01,SELL
22:14:18,91463,0.01,SELL
22:14:18,91463,0.01,SELL
22:14:18,91463,0.01,SELL
22:14:18,91463,0.01,SELL
22:14:18,91463,0.01,SELL
22:14:18,91463,0.01,SELL
22:14:18,91463,0.01,SELL
22:14:18,91463,0.01,SELL
22:14:18,91462,0.01,SELL
22:14:18,91462,0.01,SELL
22:14:18,91462,0.01,SELL
22:14:18,91462,0.01,SELL
22:14:18,91462,0.01,SELL
