Time,Price_USD,Quantity_BTC,Side
16:06:16,91527.8,0.01,BUY
16:06:16,91527.8,0.01,BUY
16:06:16,91527.8,0.01,BUY
16:06:16,91527.8,0.01,BUY
16:06:16,91527.8,0.01,BUY
16:06:16,91527.8,0.01,BUY
16:06:16,91527.8,0.01,BUY
16:06:16,91527.8,0.01,BUY
16:06:16,91527.8,0.01,BUY
16:06:16,91527.8,0.01,BUY
16:06:16,91527.8,0.01,BUY
16:06:16,91527.8,0.01,BUY
16:06:16,91527.8,0.01,BUY
16:06:16,91527.8,0.01,BUY
16:06:16,91527.8,0.01,BUY
16:06:16,91527.8,0.01,BUY
16:06:16,91527.8,0.01,BUY
16:06:16,91527.8,0.01,BUY
16:06:16,91527.8,0.01,BUY
16:06:16,91527.8,0.01,BUY
16:06:16,91527.8,0.01,BUY
16:06:16,91527.8,0.01,BUY
16:06:16,91527.8,0.01,BUY
16:06:16,91527.8,0.01,BUY
16:06:16,91527.8,0.01,BUY
16:06:16,91527.8,0.01,BUY
16:06:16,91527.8,0.01,BUY
16:06:16,91527.8,0.01,BUY
16:06:16,91527.8,0.01,BUY
16:06:16,91527.8,0.01,BUY
16:06:16,91527.8,0.01,BUY
16:06:16,91527.8,0.01,BUY
16:06:16,91527.8,0.01,BUY
16:06:16,91527.8,0.01,BUY
16:06:16,91527.8,0.01,BUY
16:06:16,91527.8,0.01,BUY
16:06:16,91527.8,0.01,BUY
16:06:16,91527.8,0.01,BUY
16:06:16,91527.8,0.01,BUY
16:06:16,91527.8,0.01,BUY
16:06:16,91527.8,0.01,BUY
16:06:16,91527.8,0.01,BUY
16:06:16,91527.8,0.01,BUY
16:06:16,91527.8,0.01,BUY
16:06:16,91527.8,0.01,BUY
16:06:16,91527.8,0.01,BUY
16:06:16,91527.8,0.01,BUY
16:06:16,91527.8,0.01,BUY
16:06:16,91527.8,0.01,BUY
16:06:16,91527.8,0.01,BUY
16:06:16,91527.8,0.01,BUY
16:06:16,91527.8,0.01,BUY
16:06:16,91527.8,0.01,BUY
16:06:16,91527.8,0.01,BUY
16:06:16,91527.8,0.01,BUY
16:06:16,91527.8,0.01,BUY
16:06:16,91527.8,0.01,BUY
16:06:16,91527.8,0.01,BUY
16:06:16,91527.8,0.01,BUY
16:06:16,91527.8,0.01,BUY
16:06:16,91527.8,0.01,BUY
16:06:16,91527.8,0.01,BUY
16:06:16,91527.8,0.01,BUY
16:06:16,91527.8,0.01,BUY
16:06:16,91527.8,0.01,BUY
16:06:16,91527.8,0.01,BUY
16:06:16,91527.8,0.01,BUY
16:06:16,91527.8,0.01,BUY
16:06:16,91527.8,0.01,BUY
16:06:16,91527.8,0.01,BUY
16:06:16,91527.8,0.01,BUY
16:06:16,91527.8,0.01,BUY
16:06:16,91527.8,0.01,BUY
16:06:16,91527.8,0.01,BUY
16:06:16,91527.8,0.01,BUY
16:06:16,91527.8,0.01,BUY
16:06:16,91527.8,0.01,BUY
16:06:16,91527.8,0.01,BUY
16:06:16,91527.8,0.01,BUY
16:06:16,91527.8,0.01,BUY
16:06:16,91527.8,0.01,BUY
16:06:16,91527.8,0.01,BUY
16:06:16,91527.8,0.01,BUY
16:06:16,91527.8,0.01,BUY
16:06:16,91527.8,0.01,BUY
16:06:16,91527.8,0.01,BUY
16:06:16,91527.8,0.01,BUY
16:06:16,91527.8,0.01,BUY
16:06:16,91527.8,0.01,BUY
16:06:16,91527.8,0.01,BUY
16:06:16,91527.8,0.01,BUY
16:06:16,91527.8,0.01,BUY
16:06:16,91527.8,0.01,BUY
16:06:16,91527.8,0.01,BUY
16:06:16,91527.8,0.01,BUY
16:06:16,91527.8,0.01,BUY
16:06:16,91527.8,0.01,BUY
16:06:16,91527.8,0.01,BUY
16:06:16,91527.8,0.01,BUY
16:06:16,91527.8,0.01,BUY
16:06:16,91527.8,0.01,BUY
16:06:16,91527.8,0.01,BUY
16:06:16,91527.8,0.01,BUY
16:06:16,91527.8,0.01,BUY
16:06:16,91527.8,0.01,BUY
16:06:16,91527.8,0.01,BUY
16:06:16,91527.8,0.01,BUY
16:06:16,91527.8,0.01,BUY
16:06:16,91527.8,0.01,BUY
16:06:16,91527.8,0.01,BUY
16:06:17,91527.8,0.01,BUY
16:06:17,91527.8,0.01,BUY
16:06:17,91527.8,0.01,BUY
16:06:17,91527.8,0.01,BUY
16:06:18,91527.8,0.01,BUY
16:06:18,91527.8,0.01,BUY
16:06:18,91527.8,0.01,BUY
16:06:18,91527.8,0.01,BUY
16:06:18,91527.8,0.01,BUY
16:06:18,91527.8,0.01,BUY
16:06:18,91527.8,0.01,BUY
16:06:18,91527.8,0.01,BUY
16:06:18,91527.8,0.01,BUY
16:06:18,91527.8,0.01,BUY
16:06:18,91527.8,0.01,BUY
16:06:18,91527.8,0.01,BUY
16:06:18,91527.8,0.01,BUY
16:06:18,91527.8,0.01,BUY
16:06:19,91527.8,0.01,BUY
16:06:19,91527.8,0.01,BUY
16:06:19,91527.8,0.01,BUY
16:06:19,91527.8,0.01,BUY
16:06:19,91527.8,0.01,BUY
16:06:19,91527.8,0.01,BUY
16:06:19,91527.8,0.01,BUY
16:06:19,91527.8,0.01,BUY
16:06:21,91527.8,0.01,SELL
16:06:21,91527.8,0.01,SELL
16:06:21,91527.8,0.01,SELL
16:06:21,91527.8,0.01,SELL
16:06:21,91527.8,0.01,SELL
16:06:21,91527.8,0.01,SELL
16:06:21,91527.8,0.01,SELL
16:06:21,91527.8,0.01,SELL
16:06:21,91527.8,0.01,SELL
16:06:21,91527.8,0.01,SELL
16:06:21,91527.8,0.01,SELL
16:06:21,91527.8,0.01,SELL
16:06:21,91527.8,0.01,SELL
16:06:21,91527.8,0.01,SELL
16:06:22,91527.8,0.01,SELL
16:06:22,91527.8,0.01,SELL
16:06:22,91527.8,0.01,SELL
16:06:22,91527.8,0.01,SELL
16:06:22,91527.8,0.01,SELL
16:06:22,91527.8,0.01,SELL
16:06:22,91527.8,0.01,SELL
16:06:22,91527.8,0.01,SELL
16:06:22,91527.8,0.01,SELL
16:06:22,91527.8,0.01,SELL
16:06:22,91527.8,0.01,SELL
16:06:22,91527.8,0.01,SELL
16:06:22,91527.8,0.01,SELL
16:06:22,91527.8,0.01,SELL
16:06:22,91527.8,0.01,SELL
16:06:22,91527.8,0.01,SELL
16:06:22,91527.8,0.01,SELL
16:06:22,91527.8,0.01,SELL
16:06:22,91527.8,0.01,SELL
16:06:22,91527.8,0.01,SELL
16:06:22,91527.8,0.01,SELL
16:06:22,91527.8,0.01,SELL
16:06:22,91527.8,0.01,SELL
16:06:22,91527.8,0.01,SELL
16:06:22,91527.8,0.01,SELL
16:06:22,91527.8,0.01,SELL
16:06:22,91527.8,0.01,SELL
16:06:22,91527.8,0.01,SELL
16:06:22,91527.8,0.01,SELL
16:06:22,91527.8,0.01,SELL
16:06:22,91527.8,0.01,SELL
16:06:22,91527.8,0.01,SELL
16:06:22,91527.8,0.01,SELL
16:06:22,91527.8,0.01,SELL
16:06:22,91527.8,0.01,SELL
16:06:22,91527.8,0.01,SELL
16:06:22,91527.8,0.01,SELL
16:06:22,91527.8,0.01,SELL
16:06:22,91527.8,0.01,SELL
16:06:22,91527.8,0.01,SELL
16:06:23,91527.8,0.01,SELL
16:06:23,91527.8,0.01,SELL
16:06:23,91527.8,0.01,SELL
16:06:23,91527.8,0.01,SELL
16:06:23,91527.8,0.01,SELL
16:06:23,91527.8,0.01,SELL
16:06:23,91527.8,0.01,SELL
16:06:23,91527.8,0.01,SELL
16:06:23,91527.8,0.01,SELL
16:06:23,91527.8,0.01,SELL
16:06:23,91527.8,0.01,SELL
16:06:23,91527.8,0.01,SELL
16:06:23,91527.8,0.01,SELL
16:06:23,91527.8,0.01,SELL
16:06:23,91527.8,0.01,SELL
16:06:23,91527.8,0.01,SELL
16:06:24,91527.8,0.01,SELL
16:06:24,91527.8,0.01,SELL
16:06:24,91527.8,0.01,SELL
16:06:24,91527.8,0.01,SELL
16:06:24,91527.8,0.01,SELL
16:06:24,91527.8,0.01,SELL
16:06:24,91527.8,0.01,SELL
16:06:24,91527.8,0.01,SELL
16:06:24,91527.8,0.01,SELL
16:06:24,91527.8,0.01,SELL
16:06:24,91527.8,0.01,SELL
16:06:24,91527.8,0.01,SELL
16:06:24,91527.8,0.01,SELL
16:06:24,91527.8,0.01,SELL
16:06:24,91527.8,0.01,SELL
16:06:24,91527.8,0.01,SELL
16:06:24,91527.8,0.01,SELL
16:06:24,91527.8,0.01,SELL
16:06:24,91527.8,0.01,SELL
16:06:24,91527.8,0.01,SELL
16:06:24,91527.8,0.01,SELL
16:06:24,91527.8,0.01,SELL
16:06:24,91527.8,0.01,SELL
16:06:24,91527.8,0.01,SELL
16:06:24,91527.8,0.01,SELL
16:06:24,91527.8,0.01,SELL
16:06:24,91527.8,0.01,SELL
16:06:24,91527.8,0.01,SELL
16:06:25,91527.8,0.01,SELL
16:06:25,91527.8,0.01,SELL
16:06:25,91527.8,0.01,SELL
16:06:25,91527.8,0.01,SELL
16:06:25,91527.8,0.01,SELL
16:06:25,91527.8,0.01,SELL
16:06:25,91527.8,0.01,SELL
16:06:25,91527.8,0.01,SELL
16:06:26,91527.8,0.01,SELL
16:06:26,91527.8,0.01,SELL
16:06:26,91527.8,0.01,SELL
16:06:26,91527.8,0.01,SELL
16:06:26,91527.8,0.01,SELL
16:06:26,91527.8,0.01,SELL
16:06:27,91527.8,0.01,SELL
16:06:27,91527.8,0.01,SELL
16:06:27,91527.8,0.01,SELL
16:06:27,91527.8,0.01,SELL
16:06:27,91527.8,0.01,SELL
16:06:27,91527.8,0.01,SELL
16:06:27,91527.8,0.01,SELL
16:06:28,91527.8,0.01,SELL
16:06:28,91527.8,0.01,SELL
16:06:28,91527.8,0.01,SELL
16:06:28,91527.8,0.01,SELL
16:06:28,91527.8,0.01,SELL
16:06:29,91527.8,0.01,SELL
16:06:29,91527.8,0.01,SELL
16:06:29,91527.8,0.01,SELL
16:06:29,91527.8,0.01,SELL
16:06:29,91527.8,0.01,SELL
16:06:29,91527.8,0.01,SELL
16:06:29,91527.8,0.01,SELL
16:06:29,91527.8,0.01,SELL
16:06:29,91527.8,0.01,SELL
16:06:29,91527.8,0.01,SELL
16:06:29,91527.8,0.01,SELL
16:06:30,91527.8,0.01,SELL
16:06:30,91527.8,0.01,SELL
16:06:30,91527.8,0.01,SELL
16:06:30,91527.8,0.01,SELL
16:06:30,91527.8,0.01,SELL
16:06:30,91527.8,0.01,SELL
16:06:30,91527.8,0.01,SELL
16:06:30,91527.8,0.01,SELL
16:06:30,91527.8,0.01,SELL
16:06:30,91527.8,0.01,SELL
16:06:31,91527.8,0.01,SELL
16:06:31,91527.8,0.01,SELL
16:06:31,91527.8,0.01,SELL
16:06:31,91527.8,0.01,SELL
16:06:31,91527.8,0.01,SELL
16:06:32,91527.8,0.01,SELL
16:06:32,91527.8,0.01,SELL
16:06:32,91527.8,0.01,SELL
16:06:32,91527.8,0.01,SELL
16:06:32,91527.8,0.01,SELL
16:06:32,91527.8,0.01,SELL
16:06:32,91527.8,0.01,SELL
16:06:32,91527.8,0.01,SELL
16:06:32,91527.8,0.01,SELL
16:06:32,91527.8,0.01,SELL
16:06:33,91527.8,0.01,SELL
16:06:33,91527.8,0.01,SELL
16:06:33,91527.8,0.01,SELL
16:06:33,91527.8,0.01,SELL
16:06:33,91527.8,0.01,SELL
16:06:33,91527.8,0.01,SELL
16:06:33,91527.8,0.01,SELL
16:06:33,91527.8,0.01,SELL
16:06:33,91527.8,0.01,SELL
16:06:33,91527.8,0.01,SELL
16:06:33,91527.8,0.01,SELL
16:06:33,91527.8,0.01,SELL
16:06:34,91527.8,0.01,SELL
16:06:34,91527.8,0.01,SELL
16:06:34,91527.8,0.01,SELL
16:06:34,91527.8,0.01,SELL
16:06:34,91527.8,0.01,SELL
16:06:34,91527.8,0.01,SELL
16:06:34,91527.8,0.01,SELL
16:06:34,91527.5,0.01,SELL
16:06:34,91527.5,0.01,SELL
16:06:34,91527.5,0.01,SELL
16:06:34,91527.5,0.01,SELL
16:06:34,91527.5,0.01,SELL
16:06:34,91527.5,0.01,SELL
16:06:34,91527.2,0.01,SELL
16:06:34,91527.2,0.01,SELL
16:06:34,91527.2,0.01,SELL
16:06:34,91527.2,0.01,SELL
16:06:34,91527.2,0.01,SELL
16:06:34,91527.2,0.01,SELL
16:06:34,91527.2,0.01,SELL
16:06:34,91527.2,0.01,SELL
16:06:34,91527,0.01,SELL
16:06:34,91526.5,0.01,SELL
16:06:34,91526.5,0.01,SELL
16:06:34,91526.5,0.01,SELL
16:06:34,91526.5,0.01,SELL
16:06:34,91526.5,0.01,SELL
16:06:34,91525.7,0.01,SELL
16:06:34,91525.7,0.01,SELL
16:06:34,91525.7,0.01,SELL
16:06:34,91525.7,0.01,SELL
16:06:34,91525.7,0.01,SELL
16:06:34,91525.7,0.01,SELL
16:06:34,91525.7,0.01,SELL
16:06:34,91525.7,0.01,SELL
16:06:34,91525.6,0.01,SELL
16:06:34,91525.6,0.01,SELL
16:06:34,91525.6,0.01,SELL
16:06:34,91525.6,0.01,SELL
16:06:34,91524.6,0.01,SELL
16:06:34,91524.6,0.01,SELL
16:06:34,91524.6,0.01,SELL
16:06:34,91524.6,0.01,SELL
16:06:34,91524.6,0.01,SELL
16:06:34,91523.7,0.01,SELL
16:06:34,91523.7,0.01,SELL
16:06:34,91523.7,0.01,SELL
16:06:34,91523.7,0.01,SELL
16:06:34,91523.7,0.01,SELL
16:06:34,91523.7,0.01,SELL
16:06:34,91523.7,0.01,SELL
16:06:34,91523.7,0.01,SELL
16:06:34,91523.7,0.01,SELL
16:06:34,91523.7,0.01,SELL
16:06:34,91523.7,0.01,SELL
16:06:34,91523.7,0.01,SELL
16:06:34,91523.7,0.01,SELL
16:06:34,91523.7,0.01,SELL
16:06:34,91523.7,0.01,SELL
16:06:34,91523.7,0.01,SELL
16:06:34,91523.7,0.01,SELL
16:06:34,91523.7,0.01,SELL
16:06:34,91523.7,0.01,SELL
16:06:34,91523.7,0.01,SELL
16:06:34,91523.7,0.01,SELL
16:06:34,91523.7,0.01,SELL
16:06:34,91523.7,0.01,SELL
16:06:34,91523.7,0.01,SELL
16:06:34,91523.7,0.01,SELL
16:06:34,91523.7,0.01,SELL
16:06:34,91523.7,0.01,SELL
16:06:34,91523.7,0.01,SELL
16:06:34,91523.7,0.01,SELL
16:06:34,91523.7,0.01,SELL
16:06:34,91523.7,0.01,SELL
16:06:34,91523.7,0.01,SELL
16:06:34,91523.7,0.01,SELL
16:06:35,91523.7,0.01,SELL
16:06:35,91523.7,0.01,SELL
16:06:35,91523.7,0.01,SELL
16:06:35,91523.7,0.01,SELL
16:06:35,91523.7,0.01,SELL
16:06:35,91523.7,0.01,SELL
16:06:35,91523.7,0.01,SELL
16:06:35,91523.7,0.01,SELL
16:06:35,91523.7,0.01,SELL
16:06:35,91523.7,0.01,SELL
16:06:35,91523.7,0.01,SELL
16:06:35,91523.7,0.01,SELL
16:06:35,91523.7,0.01,SELL
16:06:36,91523.7,0.01,SELL
16:06:36,91523.7,0.01,SELL
16:06:36,91523.7,0.01,SELL
16:06:36,91523.7,0.01,SELL
16:06:36,91523.7,0.01,SELL
16:06:36,91523.7,0.01,SELL
16:06:36,91523.7,0.01,SELL
16:06:36,91523.7,0.01,SELL
16:06:36,91523.7,0.01,SELL
16:06:36,91523.7,0.01,SELL
16:06:36,91523.7,0.01,SELL
16:06:36,91523.7,0.01,SELL
16:06:36,91523.7,0.01,SELL
16:06:36,91523.7,0.01,SELL
16:06:36,91523.7,0.01,SELL
16:06:37,91523.7,0.01,SELL
16:06:37,91523.7,0.01,SELL
16:06:37,91523.7,0.01,SELL
16:06:37,91523.7,0.01,SELL
16:06:37,91523.7,0.01,SELL
16:06:37,91523.7,0.01,SELL
16:06:37,91523.7,0.01,SELL
16:06:37,91523.7,0.01,SELL
16:06:37,91523.7,0.01,SELL
16:06:37,91523.7,0.01,SELL
16:06:37,91523.7,0.01,SELL
16:06:37,91523.7,0.01,SELL
16:06:37,91523.7,0.01,SELL
16:06:38,91523.7,0.01,SELL
16:06:38,91523.7,0.01,SELL
16:06:38,91523.7,0.01,SELL
16:06:38,91523.7,0.01,SELL
16:06:38,91523.7,0.01,SELL
16:06:38,91523.7,0.01,SELL
16:06:38,91523.7,0.01,SELL
16:06:38,91523.7,0.01,SELL
16:06:38,91523.7,0.01,SELL
16:06:39,91523.7,0.01,SELL
16:06:39,91523.7,0.01,SELL
16:06:39,91523.7,0.01,SELL
16:06:39,91523.7,0.01,SELL
16:06:39,91523.7,0.01,SELL
16:06:39,91523.7,0.01,SELL
16:06:39,91523.7,0.01,SELL
16:06:39,91523.7,0.01,SELL
16:06:39,91523.7,0.01,SELL
16:06:40,91523.7,0.01,SELL
16:06:40,91523.7,0.01,SELL
16:06:40,91523.7,0.01,SELL
16:06:40,91523.7,0.01,SELL
16:06:40,91523.7,0.01,SELL
16:06:40,91523.7,0.01,SELL
16:06:40,91523.7,0.01,SELL
16:06:40,91523.7,0.01,SELL
16:06:40,91523.7,0.01,SELL
16:06:41,91523.7,0.01,SELL
16:06:41,91523.7,0.01,SELL
16:06:41,91523.7,0.01,SELL
16:06:41,91523.7,0.01,SELL
16:06:42,91523.7,0.01,SELL
16:06:42,91523.7,0.01,SELL
16:06:42,91523.7,0.01,SELL
16:06:42,91523.7,0.01,SELL
16:06:42,91523.7,0.01,SELL
16:06:43,91523.7,0.01,SELL
16:06:43,91523.7,0.01,SELL
16:06:43,91523.7,0.01,SELL
16:06:43,91523.7,0.01,SELL
16:06:43,91523.7,0.01,SELL
16:06:43,91523.7,0.01,SELL
16:06:44,91523.7,0.01,SELL
16:06:44,91523.7,0.01,SELL
16:06:44,91523.7,0.01,SELL
16:06:44,91523.7,0.01,SELL
16:06:44,91523.7,0.01,SELL
16:06:44,91523.7,0.01,SELL
16:06:44,91523.7,0.01,SELL
16:06:44,91523.7,0.01,SELL
16:06:44,91523.7,0.01,SELL
16:06:45,91523.7,0.01,SELL
16:06:45,91523.7,0.01,SELL
16:06:45,91523.7,0.01,SELL
16:06:45,91523.7,0.01,SELL
16:06:45,91523.7,0.01,SELL
16:06:45,91523.7,0.01,SELL
16:06:45,91523.7,0.01,SELL
16:06:45,91523.7,0.01,SELL
16:06:45,91523.7,0.01,SELL
16:06:45,91523.7,0.01,SELL
16:06:45,91523.7,0.01,SELL
16:06:45,91523.7,0.01,SELL
16:06:46,91523.7,0.01,SELL
16:06:46,91523.7,0.01,SELL
16:06:46,91523.7,0.01,SELL
16:06:46,91523.7,0.01,SELL
16:06:46,91523.7,0.01,SELL
16:06:46,91523.7,0.01,SELL
16:06:46,91523.7,0.01,SELL
16:06:46,91523.7,0.01,SELL
16:06:46,91523.7,0.01,SELL
16:06:47,91523.7,0.01,SELL
16:06:47,91523.7,0.01,SELL
16:06:47,91523.7,0.01,SELL
16:06:47,91523.7,0.01,SELL
16:06:47,91523.7,0.01,SELL
16:06:47,91523.7,0.01,SELL
16:06:47,91523.7,0.01,SELL
16:06:47,91523.7,0.01,SELL
16:06:47,91523.7,0.01,SELL
16:06:47,91523.7,0.01,SELL
16:06:47,91523.7,0.01,SELL
16:06:47,91523.7,0.01,SELL
16:06:48,91523.7,0.01,SELL
16:06:48,91523.7,0.01,SELL
16:06:48,91523.7,0.01,SELL
16:06:48,91523.7,0.01,SELL
16:06:48,91523.7,0.01,SELL
16:06:48,91523.7,0.01,SELL
16:06:48,91523.7,0.01,SELL
16:06:48,91523.7,0.01,SELL
16:06:48,91523.7,0.01,SELL
16:06:48,91523.7,0.01,SELL
16:06:48,91522.5,0.01,SELL
16:06:48,91521.7,0.01,SELL
16:06:48,91520.2,0.01,SELL
16:06:48,91519.3,0.01,SELL
16:06:48,91518.3,0.01,SELL
16:06:48,91517.6,0.01,SELL
16:06:48,91516.1,0.01,SELL
16:06:48,91515.9,0.01,SELL
16:06:48,91515.9,0.01,SELL
16:06:48,91515.9,0.01,SELL
16:06:48,91515.9,0.01,SELL
16:06:48,91515.9,0.01,SELL
16:06:48,91515.9,0.01,SELL
16:06:48,91515.9,0.01,SELL
16:06:48,91515.9,0.01,SELL
16:06:48,91515.9,0.01,SELL
16:06:48,91515.9,0.01,SELL
16:06:48,91515.9,0.01,SELL
16:06:48,91515.9,0.01,SELL
16:06:48,91508.1,0.01,SELL
16:06:48,91508.1,0.01,SELL
16:06:48,91508.1,0.01,SELL
16:06:48,91508.1,0.01,SELL
16:06:48,91508.1,0.01,SELL
16:06:48,91508.1,0.01,SELL
16:06:48,91508.1,0.01,SELL
16:06:48,91508.1,0.01,SELL
16:06:48,91508.1,0.01,SELL
16:06:48,91508.1,0.01,SELL
16:06:48,91508.1,0.01,SELL
16:06:48,91508.1,0.01,SELL
16:06:48,91508.1,0.01,SELL
16:06:48,91508.1,0.01,SELL
16:06:48,91508.1,0.01,SELL
16:06:48,91508.1,0.01,SELL
16:06:48,91508.1,0.01,SELL
16:06:48,91508.1,0.01,SELL
16:06:48,91508.1,0.01,SELL
16:06:48,91508.1,0.01,SELL
16:06:48,91508.1,0.01,SELL
16:06:48,91508.1,0.01,SELL
16:06:48,91508.1,0.01,SELL
16:06:48,91508.1,0.01,SELL
16:06:48,91508.1,0.01,SELL
16:06:48,91508.1,0.01,SELL
16:06:48,91508.1,0.01,SELL
16:06:48,91508.1,0.01,SELL
16:06:48,91508.1,0.01,SELL
16:06:48,91508.1,0.01,SELL
16:06:48,91508.1,0.01,SELL
16:06:48,91508.1,0.01,SELL
16:06:48,91508.1,0.01,SELL
16:06:48,91508.1,0.01,SELL
16:06:48,91508.1,0.01,SELL
16:06:48,91508.1,0.01,SELL
16:06:48,91508.1,0.01,SELL
16:06:48,91508.1,0.01,SELL
16:06:48,91508.1,0.01,SELL
16:06:48,91508.1,0.01,SELL
16:06:48,91508.1,0.01,SELL
16:06:48,91508.1,0.01,SELL
16:06:48,91508.1,0.01,SELL
16:06:48,91508.1,0.01,SELL
16:06:49,91508.1,0.01,SELL
16:06:49,91508.1,0.01,SELL
16:06:49,91508.1,0.01,SELL
16:06:49,91508.1,0.01,SELL
16:06:49,91508.1,0.01,SELL
16:06:49,91508.1,0.01,SELL
16:06:49,91508.1,0.01,SELL
16:06:49,91508.1,0.01,SELL
16:06:49,91508.1,0.01,SELL
16:06:49,91508.1,0.01,SELL
16:06:49,91508.1,0.01,SELL
16:06:49,91508.1,0.01,SELL
16:06:49,91508.1,0.01,SELL
16:06:49,91508.1,0.01,SELL
16:06:49,91508.1,0.01,SELL
16:06:49,91508.1,0.01,SELL
16:06:49,91508.1,0.01,SELL
16:06:49,91508.1,0.01,SELL
16:06:49,91508.1,0.01,SELL
16:06:49,91508.1,0.01,SELL
16:06:49,91508.1,0.01,SELL
16:06:49,91508.1,0.01,SELL
16:06:49,91508.1,0.01,SELL
16:06:49,91508.1,0.01,SELL
16:06:49,91508.1,0.01,SELL
16:06:49,91508.1,0.01,SELL
16:06:49,91508.1,0.01,SELL
16:06:49,91508.1,0.01,SELL
16:06:49,91508.1,0.01,SELL
16:06:49,91508.1,0.01,SELL
16:06:49,91508.1,0.01,SELL
16:06:49,91508.1,0.01,SELL
16:06:49,91508.1,0.01,SELL
16:06:49,91508.1,0.01,SELL
16:06:49,91508.1,0.01,SELL
16:06:49,91508.1,0.01,SELL
16:06:49,91508.1,0.01,SELL
16:06:49,91508.1,0.01,SELL
16:06:49,91508.1,0.01,SELL
16:06:49,91508.1,0.01,SELL
16:06:49,91508.1,0.01,SELL
16:06:49,91508.1,0.01,SELL
16:06:49,91508.1,0.01,SELL
16:06:49,91508.1,0.01,SELL
16:06:50,91508.1,0.01,SELL
16:06:50,91508.1,0.01,SELL
16:06:50,91508.1,0.01,SELL
16:06:50,91508.1,0.01,SELL
16:06:50,91508.1,0.01,SELL
16:06:50,91508.1,0.01,SELL
16:06:50,91508.1,0.01,SELL
16:06:50,91508.1,0.01,SELL
16:06:50,91508.1,0.01,SELL
16:06:50,91508.1,0.01,SELL
16:06:50,91508.1,0.01,SELL
16:06:50,91508.1,0.01,SELL
16:06:50,91508.1,0.01,SELL
16:06:50,91508.1,0.01,SELL
16:06:50,91508.1,0.01,SELL
16:06:50,91508.1,0.01,SELL
16:06:50,91508.1,0.01,SELL
16:06:50,91508.1,0.01,SELL
16:06:50,91508.1,0.01,SELL
16:06:50,91508.1,0.01,SELL
16:06:50,91508.1,0.01,SELL
16:06:50,91508.1,0.01,SELL
16:06:50,91508.1,0.01,SELL
16:06:50,91508.1,0.01,SELL
16:06:50,91508.1,0.01,SELL
16:06:50,91508.1,0.01,SELL
16:06:50,91508.1,0.01,SELL
16:06:50,91508.1,0.01,SELL
16:06:50,91508.1,0.01,SELL
16:06:50,91508.1,0.01,SELL
16:06:50,91508.1,0.01,SELL
16:06:50,91508.1,0.01,SELL
16:06:50,91508.1,0.01,SELL
16:06:50,91508.1,0.01,SELL
16:06:50,91508.1,0.01,SELL
16:06:50,91508.1,0.01,SELL
16:06:50,91508.1,0.01,SELL
16:06:50,91508.1,0.01,SELL
16:06:50,91508.1,0.01,SELL
16:06:50,91508.1,0.01,SELL
16:06:50,91508.1,0.01,SELL
16:06:50,91508.1,0.01,SELL
16:06:50,91508.1,0.01,SELL
16:06:50,91508.1,0.01,SELL
16:06:50,91508.1,0.01,SELL
16:06:51,91508.1,0.01,SELL
16:06:51,91508.1,0.01,SELL
16:06:51,91508.1,0.01,SELL
16:06:51,91508.1,0.01,SELL
16:06:51,91508.1,0.01,SELL
16:06:51,91508.1,0.01,SELL
16:06:51,91508.1,0.01,SELL
16:06:51,91508.1,0.01,SELL
16:06:51,91508.1,0.01,SELL
16:06:51,91508.1,0.01,SELL
16:06:51,91508.1,0.01,SELL
16:06:51,91508.1,0.01,SELL
16:06:51,91508.1,0.01,SELL
16:06:51,91508.1,0.01,SELL
16:06:51,91508.1,0.01,SELL
16:06:51,91508.1,0.01,SELL
16:06:52,91508.1,0.01,SELL
16:06:52,91508.1,0.01,SELL
16:06:52,91508.1,0.01,SELL
16:06:52,91508.1,0.01,SELL
16:06:52,91508.1,0.01,SELL
16:06:52,91508.1,0.01,SELL
16:06:52,91508.1,0.01,SELL
16:06:52,91508.1,0.01,SELL
16:06:52,91508.1,0.01,SELL
16:06:53,91508.1,0.01,SELL
16:06:53,91508.1,0.01,SELL
16:06:53,91508.1,0.01,SELL
16:06:53,91508.1,0.01,SELL
16:06:53,91508.1,0.01,SELL
16:06:53,91508.1,0.01,SELL
16:06:53,91508.1,0.01,SELL
16:06:53,91508.1,0.01,SELL
16:06:53,91508.1,0.01,SELL
16:06:54,91508.1,0.01,SELL
16:06:54,91508.1,0.01,SELL
16:06:54,91508.1,0.01,SELL
16:06:54,91508.1,0.01,SELL
16:06:54,91508.1,0.01,SELL
16:06:54,91508.1,0.01,SELL
16:06:54,91508.1,0.01,SELL
16:06:54,91508.1,0.01,SELL
16:06:54,91508.1,0.01,SELL
16:06:55,91508.1,0.01,SELL
16:06:55,91508.1,0.01,SELL
16:06:55,91508.1,0.01,SELL
16:06:55,91508.1,0.01,SELL
16:06:55,91508.1,0.01,SELL
16:06:55,91508.1,0.01,SELL
16:06:55,91508.1,0.01,SELL
16:06:55,91508.1,0.01,SELL
16:06:55,91508.1,0.01,SELL
16:06:55,91508.1,0.01,SELL
16:06:56,91508.1,0.01,SELL
16:06:56,91508.1,0.01,SELL
16:06:56,91508.1,0.01,SELL
16:06:56,91508.1,0.01,SELL
16:06:56,91508.1,0.01,SELL
16:06:56,91508.1,0.01,SELL
16:06:56,91508.1,0.01,SELL
16:06:56,91508.1,0.01,SELL
16:06:56,91508.1,0.01,SELL
16:06:56,91508.1,0.01,SELL
16:06:57,91508.1,0.01,SELL
16:06:57,91508.1,0.01,SELL
16:06:57,91508.1,0.01,SELL
16:06:57,91508.1,0.01,SELL
16:06:57,91508.1,0.01,SELL
16:06:57,91508.1,0.01,SELL
16:06:57,91508.1,0.01,SELL
16:06:57,91508.1,0.01,SELL
16:06:57,91508.1,0.01,SELL
16:06:57,91508.1,0.01,SELL
16:06:57,91508.1,0.01,SELL
16:06:57,91508.1,0.01,SELL
16:06:57,91508.1,0.01,SELL
16:06:58,91508.1,0.01,SELL
16:06:58,91508.1,0.01,SELL
16:06:58,91508.1,0.01,SELL
16:06:58,91508.1,0.01,SELL
16:06:58,91508.1,0.01,SELL
16:06:58,91508.1,0.01,SELL
16:06:58,91508.1,0.01,SELL
16:06:58,91508.1,0.01,SELL
16:06:58,91508.1,0.01,SELL
16:06:59,91508.1,0.01,SELL
16:06:59,91508.1,0.01,SELL
16:06:59,91508.1,0.01,SELL
16:06:59,91508.1,0.01,SELL
16:06:59,91508.1,0.01,SELL
16:06:59,91508.1,0.01,SELL
16:06:59,91508.1,0.01,SELL
16:06:59,91508.1,0.01,SELL
16:07:00,91508.1,0.01,SELL
16:07:00,91508.1,0.01,SELL
16:07:00,91508.1,0.01,SELL
16:07:00,91508.1,0.01,SELL
16:07:00,91508.1,0.01,SELL
16:07:00,91508.1,0.01,SELL
16:07:00,91508.1,0.01,SELL
16:07:01,91508.1,0.01,SELL
16:07:01,91508.1,0.01,SELL
16:07:01,91508.1,0.01,SELL
16:07:01,91508.1,0.01,SELL
16:07:01,91508.1,0.01,SELL
16:07:01,91508.1,0.01,SELL
16:07:01,91508.1,0.01,SELL
16:07:02,91508.1,0.01,SELL
16:07:02,91508.1,0.01,SELL
16:07:02,91508.1,0.01,SELL
16:07:02,91508.1,0.01,SELL
16:07:02,91508.1,0.01,SELL
16:07:02,91508.1,0.01,SELL
16:07:02,91508.1,0.01,SELL
16:07:03,91508.1,0.01,SELL
16:07:03,91508.1,0.01,SELL
16:07:03,91508.1,0.01,SELL
16:07:03,91508.1,0.01,SELL
16:07:03,91508.1,0.01,SELL
16:07:03,91508.1,0.01,SELL
16:07:04,91508.1,0.01,SELL
16:07:04,91508.1,0.01,SELL
16:07:04,91508.1,0.01,SELL
16:07:04,91508.1,0.01,SELL
16:07:04,91508.1,0.01,SELL
16:07:04,91508.1,0.01,SELL
16:07:05,91508.1,0.01,SELL
16:07:05,91508.1,0.01,SELL
16:07:05,91508.1,0.01,SELL
16:07:05,91508.1,0.01,SELL
16:07:05,91508.1,0.01,SELL
16:07:05,91508.1,0.01,SELL
16:07:05,91508.1,0.01,SELL
16:07:05,91508.1,0.01,SELL
16:07:05,91508.1,0.01,SELL
16:07:05,91508.1,0.01,SELL
16:07:06,91508.1,0.01,SELL
16:07:06,91508.1,0.01,SELL
16:07:06,91508.1,0.01,SELL
16:07:06,91508.1,0.01,SELL
16:07:06,91508.1,0.01,SELL
16:07:06,91508.1,0.01,SELL
16:07:06,91508.1,0.01,SELL
16:07:06,91508.1,0.01,SELL
16:07:06,91508.1,0.01,SELL
16:07:06,91508.1,0.01,SELL
16:07:06,91508.1,0.01,SELL
16:07:06,91508.1,0.01,SELL
16:07:06,91508.1,0.01,SELL
16:07:07,91508.1,0.01,SELL
16:07:07,91508.1,0.01,SELL
16:07:07,91508.1,0.01,SELL
16:07:07,91508.1,0.01,SELL
16:07:07,91508.1,0.01,SELL
16:07:07,91508.1,0.01,SELL
16:07:07,91508.1,0.01,SELL
16:07:07,91508.1,0.01,SELL
16:07:07,91508.1,0.01,SELL
16:07:07,91507.8,0.01,SELL
16:07:07,91507.8,0.01,SELL
16:07:07,91507.8,0.01,SELL
16:07:07,91507.8,0.01,SELL
16:07:07,91507.8,0.01,SELL
16:07:07,91507.8,0.01,SELL
16:07:07,91507.8,0.01,SELL
16:07:07,91507.8,0.01,SELL
16:07:07,91507.8,0.01,SELL
16:07:07,91507.6,0.01,SELL
16:07:07,91507.6,0.01,SELL
16:07:07,91507.6,0.01,SELL
16:07:07,91507.6,0.01,SELL
16:07:07,91507.6,0.01,SELL
16:07:07,91507.6,0.01,SELL
16:07:07,91507.6,0.01,SELL
16:07:07,91507.2,0.01,SELL
16:07:07,91506.2,0.01,SELL
16:07:07,91504.8,0.01,SELL
16:07:07,91503.8,0.01,SELL
16:07:07,91503.8,0.01,SELL
16:07:07,91503.8,0.01,SELL
16:07:07,91503.8,0.01,SELL
16:07:07,91503.8,0.01,SELL
16:07:07,91503.8,0.01,SELL
16:07:07,91503.8,0.01,SELL
16:07:07,91503.8,0.01,SELL
16:07:07,91503.8,0.01,SELL
16:07:07,91503.8,0.01,SELL
16:07:07,91503.8,0.01,SELL
16:07:07,91503.8,0.01,SELL
16:07:07,91503.8,0.01,SELL
16:07:07,91503.8,0.01,SELL
16:07:07,91503.8,0.01,SELL
16:07:07,91503.8,0.01,SELL
16:07:07,91503.8,0.01,SELL
16:07:07,91503.8,0.01,SELL
16:07:07,91503.8,0.01,SELL
16:07:07,91503.8,0.01,SELL
16:07:07,91503.8,0.01,SELL
16:07:07,91503.8,0.01,SELL
16:07:07,91500,0.01,SELL
16:07:07,91500,0.01,SELL
16:07:07,91500,0.01,SELL
16:07:07,91500,0.01,SELL
16:07:07,91500,0.01,SELL
16:07:07,91500,0.01,SELL
16:07:07,91500,0.01,SELL
16:07:07,91500,0.01,SELL
16:07:07,91500,0.01,SELL
16:07:07,91500,0.01,SELL
16:07:07,91500,0.01,SELL
16:07:07,91500,0.01,SELL
16:07:07,91500,0.01,SELL
16:07:07,91500,0.01,SELL
16:07:07,91500,0.01,SELL
16:07:07,91500,0.01,SELL
16:07:07,91500,0.01,SELL
16:07:07,91500,0.01,SELL
16:07:07,91500,0.01,SELL
16:07:07,91500,0.01,SELL
16:07:07,91500,0.01,SELL
16:07:07,91500,0.01,SELL
16:07:07,91500,0.01,SELL
16:07:07,91500,0.01,SELL
16:07:07,91500,0.01,SELL
16:07:07,91500,0.01,SELL
16:07:07,91500,0.01,SELL
16:07:07,91500,0.01,SELL
16:07:07,91500,0.01,SELL
16:07:07,91500,0.01,SELL
16:07:07,91500,0.01,SELL
16:07:07,91500,0.01,SELL
16:07:07,91500,0.01,SELL
16:07:07,91500,0.01,SELL
16:07:07,91500,0.01,SELL
16:07:07,91500,0.01,SELL
16:07:07,91500,0.01,SELL
16:07:07,91500,0.01,SELL
16:07:07,91500,0.01,SELL
16:07:07,91500,0.01,SELL
16:07:07,91500,0.01,SELL
16:07:07,91500,0.01,SELL
16:07:07,91500,0.01,SELL
16:07:07,91500,0.01,SELL
16:07:07,91500,0.01,SELL
16:07:07,91500,0.01,SELL
16:07:07,91499.7,0.01,SELL
16:07:07,91500,0.01,SELL
16:07:07,91500,0.01,SELL
16:07:07,91500,0.01,SELL
16:07:07,91500,0.01,SELL
16:07:07,91500,0.01,SELL
16:07:07,91500,0.01,SELL
16:07:07,91500,0.01,SELL
16:07:07,91499.7,0.01,SELL
16:07:07,91498.8,0.01,SELL
16:07:07,91497.7,0.01,SELL
16:07:07,91497.7,0.01,SELL
16:07:07,91497.7,0.01,SELL
16:07:07,91497.7,0.01,SELL
16:07:07,91497.7,0.01,SELL
16:07:07,91497.7,0.01,SELL
16:07:07,91497.7,0.01,SELL
16:07:07,91497.7,0.01,SELL
16:07:07,91497.7,0.01,SELL
16:07:07,91497.7,0.01,SELL
16:07:07,91497.7,0.01,SELL
16:07:07,91497.7,0.01,SELL
16:07:07,91497.7,0.01,SELL
16:07:07,91495.6,0.01,SELL
16:07:07,91495.6,0.01,SELL
16:07:07,91495.6,0.01,SELL
16:07:07,91495.6,0.01,SELL
16:07:07,91495.6,0.01,SELL
16:07:07,91495.6,0.01,SELL
16:07:07,91495.6,0.01,SELL
16:07:07,91495.6,0.01,SELL
16:07:07,91495.6,0.01,SELL
16:07:08,91495.5,0.01,SELL
16:07:08,91494.6,0.01,SELL
16:07:08,91493.5,0.01,SELL
16:07:08,91493.5,0.01,SELL
16:07:08,91493.5,0.01,SELL
16:07:08,91493.5,0.01,SELL
16:07:08,91493.5,0.01,SELL
16:07:08,91493.5,0.01,SELL
16:07:08,91493.5,0.01,SELL
16:07:08,91493.5,0.01,SELL
16:07:08,91493.5,0.01,SELL
16:07:08,91493.5,0.01,SELL
16:07:08,91493.5,0.01,SELL
16:07:08,91493.5,0.01,SELL
16:07:08,91493.5,0.01,SELL
16:07:08,91493.5,0.01,SELL
16:07:08,91493.5,0.01,SELL
16:07:08,91493.5,0.01,SELL
16:07:08,91491.2,0.01,SELL
16:07:08,91491.2,0.01,SELL
16:07:08,91491.2,0.01,SELL
16:07:08,91491.2,0.01,SELL
16:07:08,91491.2,0.01,SELL
16:07:08,91491.2,0.01,SELL
16:07:08,91491.2,0.01,SELL
16:07:08,91491.2,0.01,SELL
16:07:08,91491.2,0.01,SELL
16:07:08,91491.2,0.01,SELL
16:07:08,91491.2,0.01,SELL
16:07:08,91491.2,0.01,SELL
16:07:08,91491.2,0.01,SELL
16:07:08,91491.2,0.01,SELL
16:07:08,91491.2,0.01,SELL
16:07:08,91491.2,0.01,SELL
16:07:08,91491.2,0.01,SELL
16:07:08,91491.2,0.01,SELL
16:07:08,91491.2,0.01,SELL
16:07:08,91491.2,0.01,SELL
16:07:08,91491.2,0.01,SELL
16:07:08,91491.2,0.01,SELL
16:07:08,91491.2,0.01,SELL
16:07:08,91491.2,0.01,SELL
16:07:08,91491.2,0.01,SELL
16:07:08,91491.2,0.01,SELL
16:07:08,91491.2,0.01,SELL
16:07:08,91491.2,0.01,SELL
16:07:08,91491.2,0.01,SELL
16:07:08,91491.2,0.01,SELL
16:07:08,91491.2,0.01,SELL
16:07:08,91491.2,0.01,SELL
16:07:08,91491.2,0.01,SELL
16:07:08,91491.2,0.01,SELL
16:07:08,91491.2,0.01,SELL
16:07:08,91491.2,0.01,SELL
16:07:08,91491.2,0.01,SELL
16:07:08,91491.2,0.01,SELL
16:07:08,91491.2,0.01,SELL
16:07:08,91491.2,0.01,SELL
16:07:08,91491.2,0.01,SELL
16:07:08,91491.2,0.01,SELL
16:07:08,91491.2,0.01,SELL
16:07:08,91491.2,0.01,SELL
16:07:08,91491.2,0.01,SELL
16:07:08,91491.2,0.01,SELL
16:07:08,91491.2,0.01,SELL
16:07:08,91491.2,0.01,SELL
16:07:08,91491.2,0.01,SELL
16:07:08,91491.2,0.01,SELL
16:07:08,91491.2,0.01,SELL
16:07:08,91491.2,0.01,SELL
16:07:08,91491.2,0.01,SELL
16:07:08,91491.2,0.01,SELL
16:07:08,91491.2,0.01,SELL
16:07:08,91491.2,0.01,SELL
16:07:08,91491.2,0.01,SELL
16:07:08,91491.2,0.01,SELL
16:07:08,91491.2,0.01,SELL
16:07:08,91491.2,0.01,SELL
16:07:08,91491.2,0.01,SELL
16:07:08,91491.2,0.01,SELL
16:07:09,91491.2,0.01,SELL
16:07:09,91491.2,0.01,SELL
16:07:09,91491.2,0.01,SELL
16:07:09,91491.2,0.01,SELL
16:07:09,91491.2,0.01,SELL
16:07:09,91491.2,0.01,SELL
16:07:09,91491.2,0.01,SELL
16:07:09,91491.2,0.01,SELL
16:07:09,91491.2,0.01,SELL
16:07:09,91491.2,0.01,SELL
16:07:09,91491.2,0.01,SELL
16:07:09,91491.2,0.01,SELL
16:07:09,91491.2,0.01,SELL
16:07:09,91491.2,0.01,SELL
16:07:09,91491.2,0.01,SELL
16:07:09,91491.2,0.01,SELL
16:07:09,91491.2,0.01,SELL
16:07:09,91491.2,0.01,SELL
16:07:09,91491.2,0.01,SELL
16:07:09,91491.2,0.01,SELL
16:07:10,91491.2,0.01,SELL
16:07:10,91491.2,0.01,SELL
16:07:10,91491.2,0.01,SELL
16:07:10,91491.2,0.01,SELL
16:07:10,91491.2,0.01,SELL
16:07:10,91491.2,0.01,SELL
16:07:10,91491.2,0.01,SELL
16:07:10,91491.2,0.01,SELL
16:07:10,91491.2,0.01,SELL
16:07:10,91491.2,0.01,SELL
16:07:10,91491.2,0.01,SELL
16:07:10,91491.2,0.01,SELL
16:07:11,91491.2,0.01,SELL
16:07:11,91491.2,0.01,SELL
16:07:11,91491.2,0.01,SELL
16:07:11,91491.2,0.01,SELL
16:07:11,91491.2,0.01,SELL
16:07:11,91491.2,0.01,SELL
16:07:11,91491.2,0.01,SELL
16:07:11,91491.2,0.01,SELL
16:07:11,91491.2,0.01,SELL
16:07:11,91491.2,0.01,SELL
16:07:11,91491.2,0.01,SELL
16:07:11,91491.2,0.01,SELL
16:07:11,91491.2,0.01,SELL
16:07:11,91491.2,0.01,SELL
16:07:12,91491.2,0.01,SELL
16:07:12,91491.2,0.01,SELL
16:07:12,91491.2,0.01,SELL
16:07:12,91491.2,0.01,SELL
16:07:12,91491.2,0.01,SELL
16:07:12,91491.2,0.01,SELL
16:07:12,91491.2,0.01,SELL
16:07:12,91491.2,0.01,SELL
16:07:12,91491.2,0.01,SELL
16:07:12,91491.2,0.01,SELL
16:07:12,91491.2,0.01,SELL
16:07:12,91491.2,0.01,SELL
16:07:12,91491.2,0.01,SELL
16:07:12,91491.2,0.01,SELL
16:07:12,91491.2,0.01,SELL
16:07:12,91491.2,0.01,SELL
16:07:12,91491.2,0.01,SELL
16:07:12,91491.2,0.01,SELL
16:07:12,91491.2,0.01,SELL
16:07:12,91491.2,0.01,SELL
16:07:12,91491.2,0.01,SELL
16:07:12,91491.2,0.01,SELL
16:07:12,91491.2,0.01,SELL
16:07:12,91491.2,0.01,SELL
16:07:12,91491.2,0.01,SELL
16:07:12,91491.2,0.01,SELL
16:07:12,91491.2,0.01,SELL
16:07:12,91491.2,0.01,SELL
16:07:12,91491.2,0.01,SELL
16:07:12,91491.2,0.01,SELL
16:07:12,91491.2,0.01,SELL
16:07:12,91491.2,0.01,SELL
16:07:12,91491.2,0.01,SELL
16:07:12,91491.2,0.01,SELL
16:07:12,91491.2,0.01,SELL
16:07:12,91491.2,0.01,SELL
16:07:12,91491.2,0.01,SELL
16:07:12,91490.6,0.01,SELL
16:07:12,91490.1,0.01,SELL
16:07:12,91490.1,0.01,SELL
16:07:12,91490.1,0.01,SELL
16:07:12,91490.1,0.01,SELL
16:07:12,91490.1,0.01,SELL
16:07:12,91490.1,0.01,SELL
16:07:12,91490.1,0.01,SELL
16:07:12,91490.1,0.01,SELL
16:07:12,91490.1,0.01,SELL
16:07:12,91490.1,0.01,SELL
16:07:12,91490.1,0.01,SELL
16:07:12,91490.1,0.01,SELL
16:07:12,91490.1,0.01,SELL
16:07:12,91488.9,0.01,SELL
16:07:12,91488.9,0.01,SELL
16:07:12,91488.9,0.01,SELL
16:07:12,91488.9,0.01,SELL
16:07:12,91488.9,0.01,SELL
16:07:12,91488.9,0.01,SELL
16:07:12,91488.9,0.01,SELL
16:07:12,91488.9,0.01,SELL
16:07:12,91488.9,0.01,SELL
16:07:12,91488.9,0.01,SELL
16:07:12,91488.9,0.01,SELL
16:07:12,91488.9,0.01,SELL
16:07:13,91487.7,0.01,SELL
16:07:13,91487.7,0.01,SELL
16:07:13,91487.7,0.01,SELL
16:07:13,91487.7,0.01,SELL
16:07:13,91487.7,0.01,SELL
16:07:13,91487.7,0.01,SELL
16:07:13,91487.7,0.01,SELL
16:07:13,91487.7,0.01,SELL
16:07:13,91487.7,0.01,SELL
16:07:13,91486.6,0.01,SELL
16:07:13,91486.6,0.01,SELL
16:07:13,91486.6,0.01,SELL
16:07:13,91486.6,0.01,SELL
16:07:13,91486.6,0.01,SELL
16:07:13,91486.6,0.01,SELL
16:07:13,91486.6,0.01,SELL
16:07:13,91486.6,0.01,SELL
16:07:13,91486.6,0.01,SELL
16:07:13,91486.6,0.01,SELL
16:07:13,91486.6,0.01,SELL
16:07:13,91486.6,0.01,SELL
16:07:13,91486.6,0.01,SELL
16:07:13,91486.6,0.01,SELL
16:07:13,91486.6,0.01,SELL
16:07:13,91486.6,0.01,SELL
16:07:13,91486.6,0.01,SELL
16:07:13,91486.6,0.01,SELL
16:07:13,91486.6,0.01,SELL
16:07:13,91486.6,0.01,SELL
16:07:13,91486.6,0.01,SELL
16:07:13,91486.6,0.01,SELL
16:07:13,91486.6,0.01,SELL
16:07:13,91486.6,0.01,SELL
16:07:13,91486.6,0.01,SELL
16:07:13,91486.6,0.01,SELL
16:07:13,91486.6,0.01,SELL
16:07:13,91486.6,0.01,SELL
16:07:13,91486.6,0.01,SELL
16:07:13,91486.6,0.01,SELL
16:07:13,91486.6,0.01,SELL
16:07:13,91486.6,0.01,SELL
16:07:13,91486.6,0.01,SELL
16:07:13,91486.6,0.01,SELL
16:07:13,91486.6,0.01,SELL
16:07:14,91486.6,0.01,SELL
16:07:14,91486.6,0.01,SELL
16:07:14,91486.6,0.01,SELL
16:07:14,91486.6,0.01,SELL
16:07:14,91486.6,0.01,SELL
16:07:14,91486.6,0.01,SELL
16:07:14,91486.6,0.01,SELL
16:07:14,91486.6,0.01,SELL
16:07:14,91486.6,0.01,SELL
16:07:14,91486.6,0.01,SELL
16:07:14,91486.6,0.01,SELL
16:07:14,91486.6,0.01,SELL
16:07:15,91486.6,0.01,SELL
16:07:15,91486.6,0.01,SELL
16:07:15,91486.6,0.01,SELL
16:07:15,91486.6,0.01,SELL
16:07:15,91486.6,0.01,SELL
16:07:15,91486.6,0.01,SELL
16:07:15,91486.6,0.01,SELL
16:07:15,91486.6,0.01,SELL
16:07:15,91486.6,0.01,SELL
16:07:15,91486.6,0.01,SELL
16:07:15,91486.6,0.01,SELL
16:07:15,91486.6,0.01,SELL
16:07:15,91486.6,0.01,SELL
16:07:15,91486.6,0.01,SELL
16:07:15,91486.6,0.01,SELL
16:07:15,91486.6,0.01,SELL
16:07:15,91486.6,0.01,SELL
16:07:15,91486.6,0.01,SELL
16:07:15,91486.6,0.01,SELL
16:07:15,91486.6,0.01,SELL
16:07:15,91486.6,0.01,SELL
16:07:15,91486.6,0.01,SELL
16:07:15,91486.6,0.01,SELL
16:07:15,91486.6,0.01,SELL
16:07:15,91486.6,0.01,SELL
16:07:15,91486.6,0.01,SELL
16:07:15,91486.6,0.01,SELL
16:07:15,91486.6,0.01,SELL
16:07:15,91486.6,0.01,SELL
16:07:15,91486.6,0.01,SELL
16:07:15,91486.6,0.01,SELL
16:07:15,91486.6,0.01,SELL
16:07:15,91486.6,0.01,SELL
16:07:15,91486.6,0.01,SELL
16:07:15,91486.6,0.01,SELL
16:07:16,91486.6,0.01,SELL
16:07:16,91486.6,0.01,SELL
16:07:16,91486.6,0.01,SELL
16:07:16,91486,0.01,SELL
16:07:16,91484.4,0.01,SELL
16:07:16,91483.6,0.01,SELL
16:07:16,91483.3,0.01,SELL
16:07:16,91483.3,0.01,SELL
16:07:16,91483.3,0.01,SELL
16:07:16,91483.3,0.01,SELL
16:07:16,91483.3,0.01,SELL
16:07:16,91483.3,0.01,SELL
16:07:16,91483.3,0.01,SELL
16:07:16,91483.3,0.01,SELL
16:07:16,91483.3,0.01,SELL
16:07:16,91483.3,0.01,SELL
16:07:16,91483.3,0.01,SELL
16:07:16,91483.3,0.01,SELL
16:07:16,91483.3,0.01,SELL
16:07:16,91483.3,0.01,SELL
16:07:16,91483.3,0.01,SELL
16:07:16,91483.3,0.01,SELL
16:07:16,91480,0.01,SELL
16:07:16,91480,0.01,SELL
16:07:16,91480,0.01,SELL
16:07:16,91480,0.01,SELL
16:07:16,91480,0.01,SELL
16:07:16,91480,0.01,SELL
16:07:16,91480,0.01,SELL
16:07:16,91480,0.01,SELL
16:07:16,91480,0.01,SELL
16:07:16,91480,0.01,SELL
16:07:16,91480,0.01,SELL
16:07:16,91480,0.01,SELL
16:07:16,91480,0.01,SELL
16:07:16,91480,0.01,SELL
16:07:16,91480,0.01,SELL
16:07:16,91480,0.01,SELL
16:07:16,91480,0.01,SELL
16:07:16,91480,0.01,SELL
16:07:16,91480,0.01,SELL
16:07:16,91480,0.01,SELL
16:07:16,91480,0.01,SELL
16:07:16,91480,0.01,SELL
16:07:16,91480,0.01,SELL
16:07:16,91480,0.01,SELL
16:07:16,91480,0.01,SELL
16:07:16,91480,0.01,SELL
16:07:16,91480,0.01,SELL
16:07:16,91480,0.01,SELL
16:07:16,91480,0.01,SELL
16:07:16,91480,0.01,SELL
16:07:16,91480,0.01,SELL
16:07:16,91480,0.01,SELL
16:07:16,91480,0.01,SELL
16:07:16,91480,0.01,SELL
16:07:16,91480,0.01,SELL
16:07:16,91480,0.01,SELL
16:07:16,91480,0.01,SELL
16:07:16,91480,0.01,SELL
16:07:16,91480,0.01,SELL
16:07:16,91480,0.01,SELL
16:07:16,91480,0.01,SELL
16:07:16,91480,0.01,SELL
16:07:16,91480,0.01,SELL
16:07:16,91480,0.01,SELL
16:07:16,91480,0.01,SELL
16:07:16,91480,0.01,SELL
16:07:16,91480,0.01,SELL
16:07:16,91480,0.01,SELL
16:07:16,91480,0.01,SELL
16:07:16,91480,0.01,SELL
16:07:16,91480,0.01,SELL
16:07:17,91480,0.01,SELL
16:07:17,91480,0.01,SELL
16:07:17,91480,0.01,SELL
16:07:17,91480,0.01,SELL
16:07:17,91480,0.01,SELL
16:07:17,91480,0.01,SELL
16:07:17,91480,0.01,SELL
16:07:17,91480,0.01,SELL
16:07:17,91480,0.01,SELL
16:07:17,91480,0.01,SELL
16:07:17,91480,0.01,SELL
16:07:17,91480,0.01,SELL
16:07:17,91480,0.01,SELL
16:07:17,91480,0.01,SELL
16:07:17,91480,0.01,SELL
16:07:17,91480,0.01,SELL
16:07:17,91479.2,0.01,SELL
16:07:17,91479.2,0.01,SELL
16:07:17,91479.2,0.01,SELL
16:07:17,91479.2,0.01,SELL
16:07:17,91479.2,0.01,SELL
16:07:17,91479.2,0.01,SELL
16:07:17,91479.2,0.01,SELL
16:07:17,91479.2,0.01,SELL
16:07:17,91479.2,0.01,SELL
16:07:17,91479.2,0.01,SELL
16:07:17,91479.2,0.01,SELL
16:07:17,91479.2,0.01,SELL
16:07:17,91479.2,0.01,SELL
16:07:17,91479.2,0.01,SELL
16:07:17,91479.2,0.01,SELL
16:07:17,91479.2,0.01,SELL
16:07:17,91478.3,0.01,SELL
16:07:17,91478.3,0.01,SELL
16:07:17,91478.3,0.01,SELL
16:07:17,91478.3,0.01,SELL
16:07:17,91478.3,0.01,SELL
16:07:17,91478.3,0.01,SELL
16:07:17,91478.3,0.01,SELL
16:07:17,91478.3,0.01,SELL
16:07:17,91478.3,0.01,SELL
16:07:17,91478.3,0.01,SELL
16:07:17,91478.3,0.01,SELL
16:07:17,91478.3,0.01,SELL
16:07:17,91478.3,0.01,SELL
16:07:17,91478.3,0.01,SELL
16:07:17,91478.3,0.01,SELL
16:07:17,91478.3,0.01,SELL
16:07:17,91478.3,0.01,SELL
16:07:17,91478.3,0.01,SELL
16:07:17,91478.3,0.01,SELL
16:07:17,91478.3,0.01,SELL
16:07:17,91478.3,0.01,SELL
16:07:17,91478.3,0.01,SELL
16:07:17,91478.3,0.01,SELL
16:07:17,91478.3,0.01,SELL
16:07:17,91478.3,0.01,SELL
16:07:17,91478.3,0.01,SELL
16:07:17,91478.3,0.01,SELL
16:07:17,91478.3,0.01,SELL
16:07:17,91478.3,0.01,SELL
16:07:17,91478.3,0.01,SELL
16:07:17,91478.3,0.01,SELL
16:07:17,91478.3,0.01,SELL
16:07:17,91478.3,0.01,SELL
16:07:17,91478.3,0.01,SELL
16:07:17,91478.3,0.01,SELL
16:07:17,91478.3,0.01,SELL
16:07:17,91478.3,0.01,SELL
16:07:17,91478.3,0.01,SELL
16:07:17,91478.3,0.01,SELL
16:07:17,91478.3,0.01,SELL
16:07:17,91478.3,0.01,SELL
16:07:17,91478.3,0.01,SELL
16:07:17,91478.3,0.01,SELL
16:07:17,91478.3,0.01,SELL
16:07:17,91478.3,0.01,SELL
16:07:17,91478.3,0.01,SELL
16:07:17,91478.3,0.01,SELL
16:07:17,91478.3,0.01,SELL
16:07:18,91478.3,0.01,SELL
16:07:18,91478.3,0.01,SELL
16:07:18,91478.3,0.01,SELL
16:07:18,91478.3,0.01,SELL
16:07:18,91478.3,0.01,SELL
16:07:18,91478.3,0.01,SELL
16:07:18,91478.3,0.01,SELL
16:07:18,91478.3,0.01,SELL
16:07:18,91478.3,0.01,SELL
16:07:18,91478.3,0.01,SELL
16:07:18,91478.3,0.01,SELL
16:07:18,91478.3,0.01,SELL
16:07:18,91478.3,0.01,SELL
16:07:18,91478.3,0.01,SELL
16:07:18,91478.3,0.01,SELL
16:07:18,91478.3,0.01,SELL
16:07:18,91478.3,0.01,SELL
16:07:18,91478.3,0.01,SELL
16:07:18,91478.3,0.01,SELL
16:07:18,91478.3,0.01,SELL
16:07:18,91478.3,0.01,SELL
16:07:18,91478.3,0.01,SELL
16:07:18,91478.3,0.01,SELL
16:07:18,91478.3,0.01,SELL
16:07:18,91478.3,0.01,SELL
16:07:18,91478.3,0.01,SELL
16:07:19,91478.3,0.01,SELL
16:07:19,91478.3,0.01,SELL
16:07:19,91478.3,0.01,SELL
16:07:19,91478.3,0.01,SELL
16:07:19,91478.3,0.01,SELL
16:07:19,91478.3,0.01,SELL
16:07:19,91478.3,0.01,SELL
16:07:19,91478.3,0.01,SELL
16:07:19,91478.3,0.01,SELL
16:07:19,91478.3,0.01,SELL
16:07:19,91478.3,0.01,SELL
16:07:19,91478.3,0.01,SELL
16:07:19,91478.3,0.01,SELL
16:07:19,91478.3,0.01,SELL
16:07:19,91478.3,0.01,SELL
16:07:19,91478.3,0.01,SELL
16:07:19,91478.3,0.01,SELL
16:07:19,91478.3,0.01,SELL
16:07:19,91478.3,0.01,SELL
16:07:19,91478.3,0.01,SELL
16:07:19,91478.3,0.01,SELL
16:07:19,91478.3,0.01,SELL
16:07:19,91478.3,0.01,SELL
16:07:19,91478.3,0.01,SELL
16:07:19,91478.3,0.01,SELL
16:07:19,91478.3,0.01,SELL
16:07:19,91478.3,0.01,SELL
16:07:19,91478.3,0.01,SELL
16:07:19,91478.3,0.01,SELL
16:07:19,91478.3,0.01,SELL
16:07:19,91478.3,0.01,SELL
16:07:19,91478.3,0.01,SELL
16:07:19,91478.3,0.01,SELL
16:07:20,91478.3,0.01,SELL
16:07:20,91478.3,0.01,SELL
16:07:20,91478.3,0.01,SELL
16:07:20,91478.3,0.01,SELL
16:07:20,91478.3,0.01,SELL
16:07:20,91478.3,0.01,SELL
16:07:20,91478.3,0.01,SELL
16:07:20,91478.3,0.01,SELL
16:07:20,91478.3,0.01,SELL
16:07:20,91478.3,0.01,SELL
16:07:20,91478.3,0.01,SELL
16:07:20,91478.3,0.01,SELL
16:07:20,91478.3,0.01,SELL
16:07:20,91478.3,0.01,SELL
16:07:20,91478.3,0.01,SELL
16:07:20,91478.3,0.01,SELL
16:07:20,91478.3,0.01,SELL
16:07:20,91478.3,0.01,SELL
16:07:20,91478.3,0.01,SELL
16:07:20,91478.3,0.01,SELL
16:07:20,91478.3,0.01,SELL
16:07:20,91478.3,0.01,SELL
16:07:21,91478.3,0.01,SELL
16:07:21,91478.3,0.01,SELL
16:07:21,91478.3,0.01,SELL
16:07:21,91478.3,0.01,SELL
16:07:21,91478.3,0.01,SELL
16:07:21,91478.3,0.01,SELL
16:07:21,91478.3,0.01,SELL
16:07:21,91478.3,0.01,SELL
16:07:21,91478.3,0.01,SELL
16:07:21,91478.3,0.01,SELL
16:07:21,91478.3,0.01,SELL
16:07:21,91478.3,0.01,SELL
16:07:21,91478.3,0.01,SELL
16:07:21,91478.3,0.01,SELL
16:07:21,91478.3,0.01,SELL
16:07:21,91478.3,0.01,SELL
16:07:21,91478.3,0.01,SELL
16:07:21,91478.3,0.01,SELL
16:07:21,91478.3,0.01,SELL
16:07:22,91478.3,0.01,SELL
16:07:22,91478.3,0.01,SELL
16:07:22,91478.3,0.01,SELL
16:07:22,91478.3,0.01,SELL
16:07:22,91478.3,0.01,SELL
16:07:22,91478.3,0.01,SELL
16:07:22,91478.3,0.01,SELL
16:07:22,91478.3,0.01,SELL
16:07:22,91478.3,0.01,SELL
16:07:23,91478.3,0.01,SELL
16:07:23,91478.3,0.01,SELL
16:07:23,91478.3,0.01,SELL
16:07:23,91478.3,0.01,SELL
16:07:23,91478.3,0.01,SELL
16:07:23,91478.3,0.01,SELL
16:07:23,91478.3,0.01,SELL
16:07:23,91478.3,0.01,SELL
16:07:23,91478.3,0.01,SELL
16:07:23,91478.3,0.01,SELL
16:07:23,91478.3,0.01,SELL
16:07:23,91478.3,0.01,SELL
16:07:23,91478.3,0.01,SELL
16:07:23,91478.3,0.01,SELL
16:07:23,91478.3,0.01,SELL
16:07:23,91478.3,0.01,SELL
16:07:23,91478.3,0.01,SELL
16:07:23,91478.3,0.01,SELL
16:07:23,91478.3,0.01,SELL
16:07:24,91478.3,0.01,SELL
16:07:24,91478.3,0.01,SELL
16:07:24,91478.3,0.01,SELL
16:07:24,91478.3,0.01,SELL
16:07:24,91478.3,0.01,SELL
16:07:24,91478.3,0.01,SELL
16:07:24,91478.3,0.01,SELL
16:07:24,91478.3,0.01,SELL
16:07:24,91478.3,0.01,SELL
16:07:24,91478.3,0.01,SELL
16:07:24,91478.3,0.01,SELL
16:07:24,91478.3,0.01,SELL
16:07:24,91478.3,0.01,SELL
16:07:24,91478.3,0.01,SELL
16:07:24,91478.3,0.01,SELL
16:07:25,91478.3,0.01,BUY
16:07:25,91478.3,0.01,BUY
16:07:25,91478.3,0.01,BUY
16:07:25,91478.3,0.01,BUY
16:07:25,91478.3,0.01,BUY
16:07:25,91478.3,0.01,BUY
16:07:25,91478.3,0.01,BUY
16:07:25,91478.3,0.01,BUY
16:07:25,91478.3,0.01,BUY
16:07:25,91478.3,0.01,BUY
16:07:25,91478.3,0.01,BUY
16:07:25,91478.3,0.01,BUY
16:07:25,91478.3,0.01,BUY
16:07:25,91478.3,0.01,BUY
16:07:25,91478.3,0.01,BUY
16:07:25,91478.3,0.01,BUY
16:07:25,91478.3,0.01,BUY
16:07:25,91478.3,0.01,BUY
16:07:25,91478.3,0.01,BUY
16:07:25,91478.3,0.01,BUY
16:07:25,91478.3,0.01,BUY
16:07:25,91478.3,0.01,BUY
16:07:25,91478.3,0.01,BUY
16:07:25,91478.3,0.01,BUY
16:07:26,91478.3,0.01,BUY
16:07:26,91478.3,0.01,BUY
16:07:26,91478.3,0.01,BUY
16:07:26,91478.3,0.01,BUY
16:07:27,91478.3,0.01,BUY
16:07:27,91478.3,0.01,BUY
16:07:27,91478.3,0.01,BUY
16:07:27,91478.3,0.01,BUY
16:07:27,91478.3,0.01,BUY
16:07:27,91478.3,0.01,BUY
16:07:27,91478.3,0.01,BUY
16:07:27,91478.3,0.01,BUY
16:07:27,91478.3,0.01,BUY
16:07:28,91478.3,0.01,BUY
16:07:29,91478.3,0.01,BUY
16:07:29,91478.3,0.01,BUY
16:07:29,91478.3,0.01,BUY
16:07:29,91478.3,0.01,BUY
16:07:29,91478.3,0.01,BUY
16:07:29,91478.3,0.01,BUY
16:07:29,91478.3,0.01,BUY
16:07:29,91478.3,0.01,BUY
16:07:29,91478.3,0.01,BUY
16:07:29,91478.3,0.01,BUY
16:07:30,91478.3,0.01,BUY
16:07:30,91478.3,0.01,BUY
16:07:30,91478.3,0.01,BUY
16:07:30,91478.3,0.01,BUY
16:07:30,91478.3,0.01,BUY
16:07:30,91478.3,0.01,BUY
16:07:30,91478.3,0.01,BUY
16:07:30,91478.3,0.01,BUY
16:07:30,91478.3,0.01,BUY
16:07:30,91478.3,0.01,BUY
16:07:30,91478.3,0.01,BUY
16:07:30,91478.3,0.01,BUY
16:07:30,91478.3,0.01,BUY
16:07:30,91478.3,0.01,BUY
16:07:30,91478.3,0.01,BUY
16:07:30,91478.3,0.01,BUY
16:07:31,91478.3,0.01,BUY
16:07:31,91478.3,0.01,BUY
16:07:31,91478.3,0.01,BUY
16:07:31,91478.3,0.01,BUY
16:07:31,91478.3,0.01,BUY
16:07:31,91478.3,0.01,BUY
16:07:31,91478.3,0.01,BUY
16:07:31,91478.3,0.01,BUY
16:07:31,91478.3,0.01,BUY
16:07:31,91478.3,0.01,BUY
16:07:31,91478.3,0.01,BUY
16:07:31,91478.3,0.01,BUY
16:07:32,91478.3,0.01,BUY
16:07:37,91478.3,0.01,SELL
16:07:37,91478.3,0.01,SELL
16:07:37,91478.3,0.01,SELL
16:07:38,91478.3,0.01,SELL
16:07:38,91478.3,0.01,SELL
16:07:38,91478.3,0.01,SELL
16:07:38,91478.3,0.01,SELL
16:07:38,91478.3,0.01,SELL
16:07:38,91478.3,0.01,SELL
16:07:38,91478.3,0.01,SELL
16:07:38,91478.3,0.01,SELL
16:07:38,91478.3,0.01,SELL
16:07:38,91478.3,0.01,SELL
16:07:38,91478.3,0.01,SELL
16:07:38,91478.3,0.01,SELL
16:07:38,91478.3,0.01,SELL
16:07:38,91478.3,0.01,SELL
16:07:38,91478.3,0.01,SELL
16:07:38,91478.3,0.01,SELL
16:07:38,91478.3,0.01,SELL
16:07:38,91478.3,0.01,SELL
16:07:38,91478.3,0.01,SELL
16:07:38,91478.3,0.01,SELL
16:07:38,91478.3,0.01,SELL
16:07:39,91478.3,0.01,SELL
16:07:39,91478.3,0.01,SELL
16:07:39,91478.3,0.01,SELL
16:07:39,91478.3,0.01,SELL
16:07:39,91478.3,0.01,SELL
16:07:39,91478.3,0.01,SELL
16:07:49,91478.3,0.01,BUY
16:07:49,91478.3,0.01,BUY
16:07:49,91478.3,0.01,BUY
16:07:50,91478.3,0.01,BUY
16:08:00,91478.3,0.01,BUY
16:08:02,91478.3,0.01,BUY
16:08:03,91478.3,0.01,BUY
16:08:03,91478.3,0.01,BUY
16:08:03,91478.3,0.01,BUY
16:08:03,91478.3,0.01,BUY
16:08:03,91478.3,0.01,BUY
16:08:03,91478.3,0.01,BUY
16:08:03,91478.3,0.01,BUY
16:08:03,91478.3,0.01,BUY
16:08:03,91478.3,0.01,BUY
16:08:03,91478.3,0.01,BUY
16:08:03,91478.3,0.01,BUY
16:08:04,91478.3,0.01,BUY
16:08:04,91478.3,0.01,BUY
16:08:04,91478.3,0.01,BUY
16:08:04,91478.3,0.01,BUY
16:08:04,91478.3,0.01,BUY
16:08:04,91478.3,0.01,BUY
16:08:04,91478.3,0.01,BUY
16:08:04,91478.3,0.01,BUY
16:08:04,91478.3,0.01,BUY
16:08:04,91478.3,0.01,BUY
16:08:04,91478.3,0.01,BUY
16:08:04,91478.3,0.01,BUY
16:08:04,91478.3,0.01,BUY
16:08:04,91478.3,0.01,BUY
16:08:04,91478.3,0.01,BUY
16:08:04,91478.3,0.01,BUY
16:08:04,91478.3,0.01,BUY
16:08:04,91478.3,0.01,BUY
16:08:04,91478.3,0.01,BUY
16:08:04,91478.3,0.01,BUY
16:08:04,91478.3,0.01,BUY
16:08:04,91478.3,0.01,BUY
16:08:04,91478.3,0.01,BUY
16:08:04,91478.3,0.01,BUY
16:08:04,91478.3,0.01,BUY
16:08:04,91478.3,0.01,BUY
16:08:04,91478.3,0.01,BUY
16:08:04,91478.3,0.01,BUY
16:08:04,91478.3,0.01,BUY
16:08:04,91478.3,0.01,BUY
16:08:04,91478.3,0.01,BUY
16:08:04,91478.3,0.01,BUY
16:08:04,91479.2,0.01,BUY
16:08:04,91479.2,0.01,BUY
16:08:04,91479.2,0.01,BUY
16:08:04,91479.2,0.01,BUY
16:08:04,91479.2,0.01,BUY
16:08:04,91479.2,0.01,BUY
16:08:04,91479.2,0.01,BUY
16:08:04,91479.2,0.01,BUY
16:08:04,91479.2,0.01,BUY
16:08:04,91479.8,0.01,BUY
16:08:04,91480,0.01,BUY
16:08:04,91480,0.01,BUY
16:08:04,91480,0.01,BUY
16:08:04,91480,0.01,BUY
16:08:04,91480,0.01,BUY
16:08:04,91480,0.01,BUY
16:08:04,91480,0.01,BUY
16:08:04,91480,0.01,BUY
16:08:04,91480,0.01,BUY
16:08:04,91480,0.01,BUY
16:08:04,91480,0.01,BUY
16:08:04,91480,0.01,BUY
16:08:04,91480,0.01,BUY
16:08:04,91480,0.01,BUY
16:08:04,91480,0.01,BUY
16:08:04,91480,0.01,BUY
16:08:04,91480,0.01,BUY
16:08:04,91480,0.01,BUY
16:08:04,91480,0.01,BUY
16:08:04,91480,0.01,BUY
16:08:04,91480,0.01,BUY
16:08:04,91480,0.01,BUY
16:08:04,91480,0.01,BUY
16:08:04,91480,0.01,BUY
16:08:04,91480,0.01,BUY
16:08:04,91480,0.01,BUY
16:08:04,91480,0.01,BUY
16:08:05,91480,0.01,BUY
16:08:05,91480,0.01,BUY
16:08:05,91480,0.01,BUY
16:08:05,91480,0.01,BUY
16:08:05,91480,0.01,BUY
16:08:05,91480,0.01,BUY
16:08:05,91480,0.01,BUY
16:08:05,91480,0.01,BUY
16:08:05,91480,0.01,BUY
16:08:05,91480,0.01,BUY
16:08:05,91480,0.01,BUY
16:08:05,91480,0.01,BUY
16:08:05,91480,0.01,BUY
16:08:05,91480,0.01,BUY
16:08:05,91480,0.01,BUY
16:08:05,91480,0.01,BUY
16:08:05,91480,0.01,BUY
16:08:05,91480,0.01,BUY
16:08:05,91480,0.01,BUY
16:08:05,91480,0.01,BUY
16:08:05,91480,0.01,BUY
16:08:05,91480,0.01,BUY
16:08:05,91480,0.01,BUY
16:08:05,91480,0.01,BUY
16:08:06,91480,0.01,BUY
16:08:06,91480,0.01,BUY
16:08:06,91480,0.01,BUY
16:08:06,91480,0.01,BUY
16:08:06,91483.6,0.01,BUY
16:08:06,91483.6,0.01,BUY
16:08:06,91483.6,0.01,BUY
16:08:06,91483.6,0.01,BUY
16:08:06,91483.6,0.01,BUY
16:08:06,91483.6,0.01,BUY
16:08:06,91483.6,0.01,BUY
16:08:06,91483.6,0.01,BUY
16:08:06,91483.6,0.01,BUY
16:08:06,91483.6,0.01,BUY
16:08:06,91483.6,0.01,BUY
16:08:06,91484.1,0.01,BUY
16:08:06,91486,0.01,BUY
16:08:06,91487.3,0.01,BUY
16:08:06,91487.3,0.01,BUY
16:08:06,91487.3,0.01,BUY
16:08:06,91487.3,0.01,BUY
16:08:06,91487.3,0.01,BUY
16:08:06,91487.3,0.01,BUY
16:08:06,91487.3,0.01,BUY
16:08:06,91487.3,0.01,BUY
16:08:06,91487.3,0.01,BUY
16:08:06,91487.3,0.01,BUY
16:08:06,91487.3,0.01,BUY
16:08:06,91487.3,0.01,BUY
16:08:06,91487.3,0.01,BUY
16:08:06,91487.3,0.01,BUY
16:08:06,91487.3,0.01,BUY
16:08:06,91487.3,0.01,BUY
16:08:06,91487.3,0.01,BUY
16:08:06,91487.3,0.01,BUY
16:08:06,91487.3,0.01,BUY
16:08:06,91487.3,0.01,BUY
16:08:06,91487.3,0.01,BUY
16:08:06,91487.3,0.01,BUY
16:08:06,91487.3,0.01,BUY
16:08:06,91487.3,0.01,BUY
16:08:06,91487.3,0.01,BUY
16:08:06,91487.3,0.01,BUY
16:08:06,91487.3,0.01,BUY
16:08:06,91487.3,0.01,BUY
16:08:06,91487.3,0.01,BUY
16:08:06,91487.3,0.01,BUY
16:08:06,91487.3,0.01,BUY
16:08:06,91487.3,0.01,BUY
16:08:06,91487.3,0.01,BUY
16:08:06,91487.3,0.01,BUY
16:08:06,91487.3,0.01,BUY
16:08:06,91487.3,0.01,BUY
16:08:06,91487.3,0.01,BUY
16:08:06,91487.3,0.01,BUY
16:08:06,91487.3,0.01,BUY
16:08:06,91487.3,0.01,BUY
16:08:06,91487.3,0.01,BUY
16:08:06,91487.3,0.01,BUY
16:08:06,91487.3,0.01,BUY
16:08:06,91487.3,0.01,BUY
16:08:07,91487.3,0.01,BUY
16:08:07,91487.3,0.01,BUY
16:08:07,91487.3,0.01,BUY
16:08:07,91487.3,0.01,BUY
16:08:07,91487.3,0.01,BUY
16:08:07,91487.3,0.01,BUY
16:08:07,91487.3,0.01,BUY
16:08:07,91487.3,0.01,BUY
16:08:07,91487.3,0.01,BUY
16:08:07,91487.3,0.01,BUY
16:08:07,91487.3,0.01,BUY
16:08:07,91487.3,0.01,BUY
16:08:07,91487.3,0.01,BUY
16:08:07,91487.3,0.01,BUY
16:08:07,91487.3,0.01,BUY
16:08:07,91487.3,0.01,BUY
16:08:07,91487.3,0.01,BUY
16:08:07,91487.3,0.01,BUY
16:08:07,91487.3,0.01,BUY
16:08:07,91487.3,0.01,BUY
16:08:07,91487.3,0.01,BUY
16:08:07,91487.3,0.01,BUY
16:08:08,91487.3,0.01,BUY
16:08:08,91487.3,0.01,BUY
16:08:08,91487.3,0.01,BUY
16:08:08,91487.3,0.01,BUY
16:08:08,91487.3,0.01,BUY
16:08:08,91487.3,0.01,BUY
16:08:08,91487.3,0.01,BUY
16:08:08,91487.3,0.01,BUY
16:08:08,91487.3,0.01,BUY
16:08:08,91487.3,0.01,BUY
16:08:08,91487.3,0.01,BUY
16:08:49,91487.3,0.01,BUY
16:08:49,91487.3,0.01,BUY
16:08:49,91487.3,0.01,BUY
16:08:49,91487.3,0.01,BUY
16:08:49,91487.3,0.01,BUY
16:08:49,91487.3,0.01,BUY
16:08:49,91487.3,0.01,BUY
16:08:49,91487.3,0.01,BUY
16:08:49,91487.3,0.01,BUY
16:08:49,91487.3,0.01,BUY
16:08:50,91487.3,0.01,BUY
16:08:50,91487.3,0.01,BUY
16:08:50,91487.3,0.01,BUY
16:08:50,91487.3,0.01,BUY
16:08:50,91487.3,0.01,BUY
16:08:50,91487.3,0.01,BUY
16:08:50,91487.3,0.01,BUY
16:08:50,91487.3,0.01,BUY
16:08:50,91487.3,0.01,BUY
16:08:50,91487.3,0.01,BUY
16:08:50,91487.3,0.01,BUY
16:08:50,91487.3,0.01,BUY
